2364 4634
331 849 384 893 nus
407 848 547 904 nivosus,
571 849 656 894 uivus
676 849 719 894 m.
928 839 984 898 537

61 966 252 1015 seredncturum
331 981 334 984 ⁴

60 1034 86 1081 in
100 1044 239 1096 potestatem

60 1102 142 1162 populi
162 1102 263 1149 Romani

58 1167 209 1230 «Iugurtham
222 1167 357 1216 sutrinum

60 1244 103 1280 sut
114 1245 246 1282 mortuum.

59 1299 145 1362 Itaque
156 1303 196 1349 ille
208 1303 304 1364 quidem

59 1367 139 1414 iaetus
153 1378 190 1416 est
201 1371 286 1417 consul
296 1389 302 1425 3

59 1434 102 1480 sed
113 1436 246 1483 discessitu
257 1436 303 1482 lide

57 1500 211 1564 justitiaque,

58 1567 101 1629 qui
109 1568 238 1616 adduxerit
247 1568 272 1616 in
284 1568 399 1616 invidiam

59 1635 123 1682 falso
134 1636 236 1683 crimine

58 1702 137 1749 civem
149 1703 266 1764 optimum
295 1745 298 1751 .

58 1775 83 1814 et
95 1770 275 1827 gravissimum,

58 1835 131 1896 cujus
140 1844 203 1882 esset
213 1835 308 1899 legatus

58 1903 276 1963 etequomissus.
319 1902 417 1968 [diunus

57 1967 97 2015 Ne
116 1977 197 2016 noster
218 1970 314 2031 quidem
334 1969 415 2018 Grati.

59 2034 160 2083 iunctus
172 2043 209 2082 est
221 2035 303 2083 officio

59 2101 183 2156 viriboni,

58 2176 112 2215 tum
123 2184 198 2231 quum
208 2178 270 2216 esset
280 2176 377 2232 praetor,

57 2234 286 2299 tribuniqueplebis

57 2300 228 2350 adhibuissent

57 2366 191 2431 collegium
203 2376 343 2431 protorum,

57 2441 135 2483 utres
147 2438 286 2484 nummaria

56 2503 247 2551 constitueretur

58 2568 360 2618 deseutentiscommuni.

56 2633 181 2683 Nummus
193 2639 257 2683 enim

53 2702 197 2764 jactabatur
210 2704 245 2750 sio

56 2767 112 2815 illis
125 2771 280 2831 temporibus.

57 2842 88 2881 ut
100 2850 169 2882 nemo
182 2846 259 2898 posset
271 2839 331 2884 scire

56 2901 118 2963 quid
133 2902 239 2950 heberet.

56 2968 260 3031 Conscripserunt

56 3037 220 3083 communiter

57 3100 166 3149 edictum

56 3182 115 3215 cum
127 3183 199 3231 poens
209 3177 233 3216 et
241 3167 344 3232 judicio,

57 3236 285 3297 constitueruntque

58 3306 88 3347 ut
98 3317 180 3349 omnes
189 3303 261 3349 simul

56 3365 230 3417 descenderent
241 3370 266 3416 in
277 3376 356 3416 rostrs

56 3443 112 3498 post
123 3435 257 3483 meridiem.

56 3499 89 3549 Et
101 3502 172 3550 ceteri
183 3502 280 3565 quidem

56 3567 122 3614 nlius
135 3569 196 3621 slio;

56 3632 227 3683 Muriusrectu

56 3716 72 3748 s
82 3701 204 3750 subselliis
216 3703 241 3750 in
251 3706 340 3762 rostra,

55 3767 170 3831 solusque
181 3769 256 3816 edixit
268 3768 294 3815 id

55 3835 121 3898 quod
137 3837 295 3898 compositum
310 3834 388 3882 fuerat

55 3903 227 3950 communiter.

55 3970 89 4019 Et
98 3985 126 4017 eu
135 3984 182 4025 res,
197 3971 218 4017 si
231 3969 328 4032 queris,

56 4036 135 4084 fuitei
150 4051 239 4098 magno
252 4036 345 4083 honori.

444 968 573 1015 lui-meme
583 967 665 1016 devoir
676 967 771 1016 reduire

445 1051 476 1082 nu
487 1035 588 1097 pouvoir

444 1100 477 1149 du
489 1101 574 1164 peuple
586 1100 680 1148 romsin

443 1167 461 1216 J
463 1170 569 1231 ugurtha
580 1183 612 1216 ou
623 1169 707 1215 vivent

444 1251 475 1281 ou
486 1245 558 1282 mort.

443 1301 638 1364 C'est·pourquoi
648 1300 751 1349 celui-lis
763 1303 778 1348 d
789 1300 814 1349 ls
825 1301 900 1350 verite'

443 1367 645 1424 iutsuitoonsu13

443 1435 504 1482 mnis
515 1435 532 1482 il
547 1434 664 1496 s'dloigus
673 1433 701 1481 de
714 1434 740 1481 ln
752 1431 874 1483 bonne-fol

443 1510 467 1549 et
478 1501 506 1548 de
518 1500 544 1548 ls
552 1502 649 1564 justice,

443 1571 478 1614 lui
490 1570 531 1630 qui
543 1581 630 1616 emens
640 1582 670 1614 en
682 1566 755 1614 hcine

443 1649 542 1697 purune
554 1636 633 1682 snnsse
642 1634 780 1682 uccusstion

444 1717 477 1748 un
490 1704 586 1764 citoyen
599 1701 710 1749 tres-bon

443 1776 467 1814 et
478 1769 619 1832 iterumve,

444 1833 473 1881 de
486 1835 527 1898 qui
537 1835 555 1882 il
566 1835 625 1882 emit
636 1834 770 1881 lientensnt

445 1910 468 1948 et
478 1918 521 1964 psr
531 1902 571 1964 qui
584 1903 602 1948 il
617 1900 682 1948 eruit
693 1901 731 1947 ete
743 1901 842 1961 envoyd.

444 1968 492 2016 Pes
499 1970 576 2016 meme
583 1975 651 2015 notre
659 1966 816 2014 Gratidianus

444 2049 474 2082 ne
486 2036 614 2098 s'scquittu
625 2034 656 2080 riu
670 2033 751 2082 devoir
868 2028 872 2034 ’

443 2100 501 2148 d'un
514 2101 611 2149 homme
623 2101 652 2146 de
661 2101 726 2161 bien,

443 2168 508 2216 slors
519 2168 578 2230 qu'il
589 2168 648 2214 etnit
660 2168 763 2228 preteur.

443 2242 520 2297 etque
530 2237 564 2282 les
575 2232 669 2281 triburis
681 2233 713 2279 du
726 2232 809 2294 penple

442 2304 539 2348 avaient
549 2301 633 2362 sppeld

442 2367 465 2414 le
476 2367 568 2431 colle'ge
579 2366 620 2413 des
632 2366 748 2428 preteurs.

442 2433 490 2480 siin
503 2449 549 2495 que
562 2432 663 2481 l’affnire
675 2430 855 2479 des-monnnies

444 2501 482 2547 siit
494 2501 573 2564 reglis

444 2567 501 2614 d'un
514 2567 566 2614 uvis
577 2580 701 2615 commun.

443 2635 480 2682 lin
493 2633 549 2682 silet
559 2634 584 2682 is
592 2631 706 2680 monnnie

441 2701 501 2748 &tuit
511 2701 589 2764 agites
599 2698 705 2761 (veriuit)
715 2695 837 2744 tellement

443 2767 504 2815 dans
515 2782 555 2816 ces
566 2766 685 2829 temps-lis,

441 2849 488 2895 que
498 2847 617 2896 personne
627 2848 657 2880 ne
665 2829 763 2895 pouvnit
772 2829 853 2877 snvoir

442 2915 469 2947 ce
484 2899 544 2962 qn'il
557 2898 631 2946 ussit.

441 2965 476 3015 Ils
486 2966 624 3029 redigerent

442 3047 598 3081 en-commun

441 3115 476 3148 un
490 3100 541 3148 edis

442 3182 499 3214 sveo
511 3166 580 3229 peine
593 3172 617 3213 et
627 3164 764 3228 jugement,

442 3242 465 3280 et
477 3233 606 3280 etnblirent

442 3315 488 3362 que
504 3308 558 3347 tons
568 3297 689 3346 eusemble

441 3365 623 3415 descendrsient
635 3379 685 3412 eux
699 3372 788 3412 rostres

442 3435 510 3495 epr'es
520 3433 544 3480 le
555 3431 625 3479 midi.

441 3499 473 3548 Et
482 3501 674 3546 somnes-autres
687 3496 736 3544 ils
748 3497 821 3545 vdritd

439 3568 486 3614 s'm
497 3569 592 3614 allevent
604 3567 654 3612 iun
664 3569 694 3611 ici
704 3565 790 3612 l'uutve
800 3564 898 3612 eilleurs
909 3585 914 3620 ς

440 3633 533 3680 Murius
544 3636 592 3679 ullo
605 3631 670 3678 droit

440 3699 480 3747 des
490 3700 564 3746 bunos
578 3701 608 3745 du
620 3701 704 3745 comsit
715 3712 762 3744 stix
775 3704 874 3760 rostro«,

440 3775 463 3814 et
473 3767 523 3813 seul
538 3766 660 3828 proclama
671 3766 723 3811 celis

440 3836 480 3894 qui
493 3835 559 3880 svsit
568 3835 605 3879 cte
617 3831 721 3893 nrrungd

440 3914 607 3947 encommuu.

439 3966 472 4015 Et
482 3975 543 4014 cette
554 3966 636 4023 chose,
652 3965 672 4012 si
684 3971 710 4011 tu
723 3966 743 4010 le
755 3962 893 4017 demmdm,

441 4032 479 4080 sut
492 4036 507 4080 is
518 4033 553 4078 lui
564 4035 577 4078 ii
589 4030 666 4094 grand
677 4030 796 4077 honneur.
