2474 4694
242 722 299 778 att
541 732 577 775 ne
599 732 717 780 urricus
736 736 819 783 arnan
841 737 861 780 ι.

238 861 268 911 ut
277 855 434 913 Thebanum
449 852 662 926 Epaminondam
674 854 751 927 Lysis
765 855 1158 929 Pytlragoraeus¹,syracusrnm

236 959 349 1016 [tionem
375 958 460 1028 Plato,
484 957 615 1029 multique
638 956 749 1028 multos;
775 973 879 1030 nosque
895 959 957 1031 ipsi,
974 960 1105 1032 quidquid
1124 961 1158 1015 ad

235 1060 427 1133 rempublicam
442 1061 593 1131 attulimus,
607 1060 631 1117 si
647 1062 727 1117 modo
739 1060 839 1132 aliquid
855 1061 1004 1130 attulimus,
1016 1079 1032 1118 n
1042 1058 1160 1115 doctori·

234 1167 286 1225 bus
297 1173 380 1238 atque
396 1164 547 1222 adoctrina
566 1166 688 1220 instructi
704 1165 737 1221 ad
752 1180 812 1221 enm
833 1171 861 1220 et
874 1165 960 1221 ornati
979 1167 1155 1222 accessimus.

221 1252 426 1342 ⁴Nequesolum
436 1267 492 1325 vivi
503 1275 585 1340 atque
598 1276 746 1341 praesentes
754 1267 891 1325 studiosos
900 1267 1024 1326 discendi
1032 1268 1157 1324 erudiunt

233 1380 315 1445 atque
328 1373 438 1441 docent,
452 1370 500 1428 sed
516 1371 566 1428 lroc
582 1371 654 1427 idern
667 1371 748 1428 etiarn
763 1378 824 1444 post
843 1378 956 1427 mortem
977 1374 1157 1429 monumentis

232 1475 382 1533 litterarum
401 1482 593 1548 assequuntur.
612 1477 669 1531 Nec
683 1475 755 1531 cuim
774 1474 849 1531 loeus
864 1474 936 1531 ullus
954 1479 1156 1548 praetermissus

226 1570 276 1634 'est
293 1577 327 1634 ab
345 1577 388 1645 iis,
410 1577 457 1650 qui
474 1577 509 1633 nd
532 1576 614 1645 leges,
633 1576 679 1647 qui
698 1575 733 1633 ed
753 1592 849 1645 mores,
869 1577 915 1648 qui
935 1579 968 1632 ad
985 1577 1155 1650 disciplinam

224 1670 386 1752 'reipublicae
398 1679 563 1751 pertineret:
581 1684 611 1732 ut
628 1677 712 1732 otium
727 1694 806 1732 suurn
824 1678 857 1734 ud
873 1685 994 1735 nostrum
1016 1682 1153 1752 negotium

229 1781 541 1839 eontulisaevideantur.
908 1831 912 1839 .

264 1883 305 1939 lta
318 1882 356 1939 illi
369 1881 433 1956 ipsi,
447 1881 577 1939 doctrinae
594 1880 693 1937 studiis
705 1890 733 1938 et
746 1883 889 1955 supientiae
902 1885 995 1954 dediti,
1015 1891 1050 1946 ad
1063 1887 1152 1947 horni-

229 1981 527 2037 numutilitacemsuam
536 1980 741 2053 intelligentiam
751 1983 1152 2057 prudentiamquepotissimum

228 2071 380 2142 conterunt.
392 2083 434 2142 Ob
445 2084 896 2160 eemqnecausameloquicopiose,
905 2087 985 2144 modo
996 2088 1149 2160 prudenter,

228 2183 325 2242 melina
336 2191 379 2242 eat
389 2199 472 2257 quam
480 2183 522 2241 vel
534 2183 691 2242 acutissime
702 2186 762 2244 sine
774 2187 925 2262 eloquentia
938 2190 1063 2262 cogitare,
1079 2191 1150 2263 quod

228 2440 320 2492 nondun
332 2441 361 2490 de
372 2441 465 2492 Thebe·
475 2439 514 2490 iot
525 2440 601 2490 forme
614 2457 656 2506 par
667 2441 690 2489 le
703 2440 885 2505 pythagorioieu
899 2441 978 2504 Lysia,
994 2442 1054 2490 Dion
1067 2443 1096 2490 do
1106 2442 1150 2506 Sy-

226 2551 311 2585 racuse
323 2550 367 2599 par
378 2535 477 2595 Platon,
490 2540 514 2583 at
522 2541 576 2584 tant
584 2533 698 2583 d’autres.
708 2533 890 2594 Nous-mames,
902 2550 963 2583 nous
976 2537 1076 2584 n'nvons
1088 2539 1148 2586 servi

225 2629 353 2679 utilement
371 2629 396 2678 la
412 2629 560 2692 republique,
582 2627 602 2676 ui
613 2626 728 2677 toutefois
746 2643 807 2677 noua
826 2644 934 2692 pouvone
953 2628 1004 2676 dire
1021 2644 1068 2691 que
1086 2645 1148 2678 nous

224 2723 319 2787 l’ayono
331 2722 459 2771 utilement
470 2720 556 2779 servio,
569 2735 616 2784 qne
634 2721 706 2786 grtes
717 2735 765 2769 nux
779 2721 898 2785 preceptes
916 2720 944 2769 (lo
959 2736 1003 2769 nos
1014 2725 1112 2769 mutares
1125 2731 1148 2771 et

224 2832 274 2867 aux
285 2817 470 2866 connaissanoos
484 2814 546 2864 dont
559 2814 591 2863 ils
603 2815 717 2864 ornarent
730 2821 799 2863 notre
810 2814 894 2879 asprit.
908 2814 939 2864 Et
950 2815 1148 2864 non-seulement

224 2905 361 2971 congruendo
372 2905 455 2970 genias
465 2901 723 2966 iustruiseutpendnnt
732 2902 786 2950 leur
794 2902 832 2951 via
841 2918 902 2952 ceux
914 2903 956 2966 qui
970 2910 1025 2952 sont
1035 2903 1146 2954 desireux

223 2999 393 3063 d’apprendr03
408 2998 439 3046 ils
451 2997 595 3048 continuent
606 2996 635 3045 de
647 2997 670 3046 le
679 2996 740 3046 faire
752 2999 821 3061 apres
832 2998 885 3047 leur
897 3007 961 3047 mort
973 3015 1015 3063 par
1027 2999 1091 3048 lours
1103 3015 1146 3048 ou-

223 3107 318 3157 vrages,
331 3093 363 3140 olr
373 3090 403 3138 ils
413 3089 481 3139 n'ont
492 3091 543 3138 rien
554 3089 636 3138 oublit
645 3087 675 3136 de
687 3096 740 3137 tout
750 3104 776 3137 oe
789 3089 830 3153 qui
840 3090 941 3153 regardo
953 3091 988 3139 les
999 3106 1098 3147 manure,
1112 3092 1146 3139 les

221 3186 267 3236 loia
278 3194 302 3236 at
310 3187 335 3234 la
345 3185 460 3235 eonduite
471 3183 500 3232 de
509 3185 535 3233 la
546 3184 600 3232 rie:
613 3182 676 3232 ainsi
691 3198 723 3234 on
736 3191 793 3247 peut
805 3183 857 3232 dire
871 3200 917 3249 que
928 3183 989 3234 c'aet
1001 3188 1015 3233 l
1030 3201 1074 3233 nos
1087 3185 1144 3233 inte

221 3282 270 3330 rete
285 3280 359 3344 qu’ils
372 3287 415 3329 ont
426 3277 615 3328 oonanoreleurs
624 3276 712 3325 loiairs.

254 3373 324 3423 Ainsi
342 3373 377 3421 les
396 3371 505 3421 hommes
516 3372 606 3420 memes
617 3371 659 3434 qui
673 3369 835 3435 n’nppliqucnt
849 3378 901 3420 tout
919 3372 1008 3421 entiere
1026 3375 1041 3420 ln
1056 3373 1142 3421 lutum

221 3467 263 3516 dea
273 3469 379 3517 solennes
390 3473 414 3515 et
427 3466 456 3514 de
466 3466 605 3529 lucagnano.
621 3470 762 3528 rapportent
775 3479 807 3512 au
826 3465 881 3513 bien
898 3465 927 3513 de
947 3467 972 3514 la
991 3467 1078 3515 sociere
1095 3466 1141 3514 nu·

220 3563 300 3611 maino
311 3570 363 3612 tout
374 3577 401 3611 ce
415 3561 487 3624 qu'ils
498 3567 542 3610 ont
557 3559 585 3607 de
595 3559 709 3608 iuniores
719 3568 743 3608 et
755 3559 784 3607 do
793 3561 985 3610 connaissnnoes.
1000 3562 1036 3609 De
1050 3569 1103 3610 tout
1115 3579 1141 3612 ce

219 3669 266 3720 que
275 3670 338 3704 none
350 3669 440 3704 venons
455 3652 484 3701 da
495 3652 555 3711 dire,
571 3650 590 3699 il
600 3651 702 3700 a'ensuit
715 3665 763 3716 qna
774 3652 930 3714 l'riloquence,
947 3652 1029 3716 quand
1045 3654 1091 3700 clle
1106 3660 1143 3701 est

217 3751 395 3815 accompagnati
407 3748 437 3796 de
445 3748 469 3797 la
480 3746 610 3812 prodeunte,
622 3754 659 3796 sat
668 3745 802 3811 preferable
813 3760 863 3796 nux
871 3748 1033 3811 speculutIous
1043 3749 1076 3798 les
1087 3751 1141 3813 plus

219 3845 369 3909 ingonieuses
378 3843 407 3892 da
415 3858 476 3894 oeux
488 3843 530 3908 qui
541 3842 609 3891 n'ont
620 3857 663 3906 pne
674 3842 696 3891 le
707 3842 755 3890 (lon
769 3841 799 3890 de
810 3843 835 3889 la
844 3842 926 3905 parole
937 3859 943 3890 ε
958 3859 1000 3893 car
1013 3850 1091 3892 tontes
1103 3859 1141 3893 eea

218 3939 380 4003 speculatione
392 3948 448 3989 sont
460 3940 603 3989 renlermeee
617 3938 677 3987 dana
695 3938 720 3986 la
733 3940 825 4002 pensio.
843 3954 874 3987 nu
890 3939 939 3987 lieu
958 3956 1004 4003 que
1016 3955 1058 4002 pnr
1074 3939 1142 3987 l‘c'lo·
