2474 4694
220 750 274 807 186
523 741 559 788 DE
579 742 698 788 otricus
717 742 801 788 electe
823 743 841 788 Ι.

224 860 347 929 velimus,
364 864 391 915 et
404 857 432 914 in
445 873 499 928 quo
510 874 609 931 genere
621 859 703 926 vitm3
720 873 782 930 qum
795 856 955 914 deliberatio
970 866 1013 914 eet
1026 860 1147 914 omnium

223 964 389 1021 difficillima.
403 967 514 1022 Ineunte
526 968 597 1021 enim
611 965 802 1033 adolescentie,
817 982 901 1038 quum
913 974 955 1022 eet
967 969 1084 1023 maxime
1098 969 1148 1024 irn-

223 1076 356 1133 beeillitee
369 1078 483 1147 consilii,
499 1086 555 1133 tum
571 1077 597 1132 id
614 1078 665 1133 sibi
680 1078 796 1149 quisque
810 1094 896 1150 genus
909 1078 1001 1134 aetetis
1015 1079 1147 1150 degendae

223 1188 372 1257 coustituit,
396 1188 466 1261 quod
488 1189 603 1245 maximo
625 1188 771 1244 adamavit.
796 1189 891 1261 ltaque
912 1195 973 1243 ente
993 1186 1149 1261 implicetur

224 1298 314 1371 aliquo
326 1307 401 1355 certo
414 1315 513 1372 genere
525 1315 663 1370 cursuque
676 1298 794 1366 vivendi,
809 1314 890 1370 quam
906 1298 993 1370 potuit
1009 1296 1080 1369 quod
1096 1314 1147 1368 op-

221 1411 319 1469 timum
330 1418 403 1467 eseet
412 1412 543 1481 judicare.
554 1412 622 1467 Nem
633 1411 706 1482 quod
716 1410 855 1466 Herculem
866 1409 1027 1464 Prodicium¹
1039 1409 1145 1472 dieunt,

225 1539 254 1579 ut
266 1532 308 1580 eet
325 1525 395 1599 apud
415 1526 637 1599 Xenophontem,
657 1542 740 1596 quum
759 1525 874 1598 primum
888 1523 1057 1596 pubesceret,
1073 1522 1146 1593 quurl

225 1646 359 1712 tempusa
374 1645 469 1692 nature
484 1637 516 1692 ed
530 1635 699 1707 deligendum
714 1652 796 1708 qnam
812 1636 928 1706 quisque
948 1633 1018 1687 niem
1038 1632 1146 1687 rivenrli

225 1753 262 1808 eit
274 1752 448 1823 ingressurus
466 1749 559 1803 datum
575 1754 628 1815 eet,
646 1748 735 1803 exisse
752 1748 779 1801 in
802 1744 984 1812 solitudinem,
1004 1751 1087 1814 etque
1110 1743 1147 1797 ibi

224 1862 363 1917 sedentem
381 1860 425 1915 diu
441 1874 533 1915 secum
547 1857 716 1928 multumque
732 1857 882 1924 dubitasse,
899 1872 982 1928 quum
998 1853 1066 1908 dues
1084 1869 1146 1908 ecr-

227 1976 301 2026 neret
315 1970 384 2034 vies,
400 1984 481 2023 unam
496 1969 661 2041 Voluptatis,
677 1967 789 2023 alteram
800 1966 921 2030 Virtutis
937 1972 1026 2018 utram
1044 1963 1146 2031 ingredi

226 2079 324 2137 melius
337 2087 419 2149 esset,
443 2079 496 2135 boc
517 2079 634 2148 Herculi,
655 2079 731 2135 lovis
750 2085 810 2134 satu
829 2078 913 2144 edito,
930 2077 1016 2149 potuit
1031 2074 1148 2129 fortusse

225 2192 397 2263 contingere;
413 2190 491 2247 uobis
504 2207 557 2247 nou
572 2191 645 2259 item,
660 2190 708 2262 qui
723 2189 860 2245 imitemur
871 2203 939 2260 quus
950 2187 1048 2257 cuique
1060 2186 1147 2239 visum

226 2306 275 2370 est,
289 2308 371 2373 etque
382 2301 417 2358 ed
432 2316 524 2358 eorum
538 2300 629 2357 studia
641 2285 822 2370 institutaque
840 2297 1012 2372 impellimur.
1027 2296 1149 2351 Plerum-

225 2426 279 2484 que
293 2420 394 2484 eutem,
414 2421 556 2486 parentum
571 2413 714 2487 praeceptis
725 2412 830 2479 imbuti,
846 2411 879 2468 ed
893 2424 984 2466 eorum
1000 2413 1149 2464 eonsuetu-

226 2679 264 2728 vie
283 2695 346 2729 noue
360 2680 450 2729 devoue
467 2681 549 2728 euivre
564 2680 769 2729 :determination
792 2681 817 2728 le
838 2680 892 2742 plue
909 2677 1005 2727 difficile
1017 2676 1045 2724 de
1059 2686 1147 2725 mutes.

225 2780 274 2833 cm
284 2781 345 2831 dene
356 2783 382 2830 le
394 2783 513 2846 jeuueeee‚
527 2798 621 2831 comme
633 2799 665 2832 on
677 2786 718 2830 n'e
729 2798 772 2846 pes
783 2795 870 2831 encore
879 2782 903 2829 le
915 2781 997 2829 reieun
1011 2794 1077 2826 ossez
1087 2778 1149 2827 forte

225 2899 288 2948 pour
296 2900 321 2933 ee
333 2885 449 2934 couduire
460 2900 504 2948 per
514 2886 568 2946 elle,
580 2901 611 2934 on
622 2900 648 2933 se
658 2886 730 2933 leiese
741 2886 801 2933 aller
814 2887 829 2932 b
840 2884 918 2947 coqui
930 2882 996 2930 flette
1007 2883 1031 2929 le
1045 2881 1111 2944 plus;
1126 2889 1148 2929 et

226 2985 290 3032 cinei
303 2986 352 3034 l’on
363 3000 387 3034 ee
402 2993 487 3034 trouve
499 2987 592 3050 eugegii
608 2985 668 3033 dene
682 3000 715 3032 un
734 3000 808 3048 genre
821 2984 850 3032 de
864 2985 910 3041 vie,
924 2989 996 3031 event
1009 2981 1102 3030 d'eeuir
1113 2983 1150 3029 ete

226 3087 315 3135 enitet
327 3086 356 3135 de
364 3091 437 3151 juger
449 3087 504 3150 quel
519 3095 556 3134 eet
570 3087 594 3135 le
610 3086 730 3135 meilleur.
747 3087 777 3135 Jo
797 3086 846 3133 sele
863 3087 918 3132 bien
938 3100 985 3147 que
1002 3083 1147 3147 Xenophon,

225 3187 296 3250 apres
317 3186 454 3246 Prodicus,
471 3195 583 3252 repperio
597 3185 756 3249 qu'Hercule,
777 3185 818 3233 dee
843 3187 867 3233 lo
893 3186 1008 3248 premi'ere
1028 3184 1147 3246 jeunesse,

224 3288 317 3352 dpoque
327 3288 432 3338 deotiude
442 3305 487 3352 per
502 3289 527 3336 le
543 3297 631 3336 nature
650 3303 681 3334 eu
697 3287 771 3335 choix
782 3287 840 3334 d'un
856 3302 930 3352 genre
941 3287 970 3335 de
980 3288 1026 3349 rie,
1039 3302 1064 3334 ee
1075 3287 1149 3335 rutire

226 3387 287 3438 dene
301 3391 448 3451 leeolitude,
462 3399 542 3455 etque
559 3393 592 3453 lle,
608 3398 700 3455 voyeut
716 3391 804 3439 derunt
818 3392 852 3439 lui
869 3392 891 3439 le
907 3392 1002 3439 chemin
1018 3391 1047 3439 de
1056 3391 1081 3437 lu
1099 3391 1149 3439 Ve-

225 3489 395 3555 luptdetoelui
407 3494 436 3542 de
448 3495 473 3542 le
484 3493 573 3551 Vertu,
588 3495 607 3543 il
619 3493 728 3544 delibera
743 3495 880 3557 longtempe
901 3511 931 3543 eu
949 3495 1077 3542 lui-meme
1089 3509 1150 3554 pour

225 3593 307 3642 seroie
319 3595 397 3658 lequel
408 3596 449 3644 dee
461 3595 525 3644 deux
539 3596 557 3644 il
575 3595 713 3659 prendrait,
723 3596 787 3644 mois
797 3612 824 3644 ce
834 3597 874 3658 qui
892 3612 907 3643 e
920 3612 952 3659 pu
965 3597 1056 3643 erriver
1067 3610 1097 3642 en
1112 3596 1149 3641 sil<

226 3692 257 3742 de
267 3695 366 3760 Jupiter
375 3699 436 3747 n’est
445 3715 488 3763 pes
495 3699 599 3762 possible
607 3714 668 3762 pour
679 3715 749 3759 nous,
756 3699 798 3762 qui
808 3700 909 3747 imitone
916 3699 1008 3746 chacun
1018 3713 1078 3746 ceux
1089 3698 1148 3759 qu'il

226 3811 289 3846 noue
299 3801 360 3864 plelt
371 3810 395 3851 et
411 3818 515 3851 eornmee
525 3802 628 3867 portdeb
640 3803 721 3851 euivre
735 3802 788 3851 leur
800 3803 918 3865 exemplo.
933 3801 968 3849 Le
977 3801 1083 3863 plupert,
1103 3800 1148 3845 im·

103 3886 123 3959 0¹,
227 3897 273 3948 bne
282 3900 323 3949 dee
334 3904 456 3969 precepto·
470 3903 499 3952 de
510 3905 575 3953 lenre
587 3911 694 3967 parente,
709 3919 733 3951 ee
751 3903 852 3950 leieseut
866 3902 927 3950 oller
938 3906 952 3948 le
964 3903 1028 3949 leurs
1040 3902 1111 3962 gome
1129 3906 1152 3945 et
