2474 4694
374 873 427 920 ons
447 871 579 927 esvovns,
603 871 687 916 eune
708 874 738 917 u.

96 990 153 1038 elom
167 997 238 1038 entes

98 1059 235 1105 miuneham
241 1074 268 1105 us
280 1059 369 1105 sensim

96 1123 160 1171 huno
171 1125 370 1173 consuetudinem

96 1202 119 1238 et
132 1191 284 1253 disciplinam
296 1209 303 1246 ς

96 1266 151 1320 post
166 1273 223 1305 vere
240 1256 366 1306 victorium
379 1258 454 1307 sallo

96 1326 223 1371 emisimus
239 1326 345 1387 penitus.

97 1391 236 1452 Quidquam
249 1394 313 1439 enim

97 1458 200 1504 desitum
210 1466 246 1505 est
258 1458 332 1505 videri
342 1458 454 1520 iniquum

64 1568 67 1573 .
96 1525 121 1570 in
134 1525 221 1581 socios,

96 1606 170 1652 quum
182 1600 250 1638 tanto
261 1591 393 1640 cnulelites

96 1659 228 1705 exstitisset
240 1660 265 1705 in
276 1658 349 1705 cives.

96 1723 161 1785 Ergo
174 1725 198 1771 in
212 1725 255 1772 illo

97 1792 198 1838 victorie
209 1807 256 1838 non
270 1790 371 1838 honeste

96 1869 178 1905 secuta
188 1869 225 1905 est

96 1939 194 1971 corisum
209 1925 350 1972 honestam:

96 2006 169 2037 sersus
184 1999 220 2038 est
232 1993 297 2039 euim
310 1991 397 2049 dicere,

96 2057 168 2105 lieste
186 2059 272 2120 posita,

97 2139 172 2185 quum
188 2124 299 2172 venderet
311 2125 336 2171 in
350 2124 402 2171 l‘oro

97 2188 161 2238 bono
170 2198 194 2238 et
206 2192 312 2238 virorum
324 2193 435 2239 bonorum

96 2263 119 2303 et
133 2258 289 2321 locupletum,

95 2332 119 2370 ct
129 2333 193 2371 certe
203 2326 303 2381 civium,

96 2392 235 2438 revendere
250 2406 318 2438 suem
334 2390 449 2452 preodom.

95 2456 195 2504 Secutus
207 2466 250 2514 est.

95 2525 136 2583 qui
149 2524 174 2571 in
187 2540 261 2572 cause
272 2526 356 2588 impio,

96 2590 197 2638 victorin
207 2595 279 2639 etium
292 2592 405 2651 foediore,

95 2671 144 2703 non
160 2659 296 2720 publicaret
306 2660 370 2705 bona

95 2723 184 2771 civium
198 2726 362 2783 singulorum.

96 2790 136 2835 seu
148 2791 359 2853 comprehenderet

96 2871 145 2902 uuo
155 2858 210 2917 jure
221 2859 366 2906 calamitatis

96 2926 233 2983 provincias

96 2991 253 3052 regionesque
265 2993 399 3039 universos.

96 3056 187 3116 Imque,
202 3059 342 3105 notionibus
354 3056 441 3105 exteris

96 3125 187 3170 vexatis
197 3126 351 3187 perditisque,

96 3188 200 3236 vidimus

95 3254 126 3300 nd
137 3256 272 3318 exemplum

96 3323 188 3384 imperii
203 3324 285 3370 omissi

95 3389 229 3436 lliusiliom

95 3458 185 3516 portori
199 3458 223 3502 in
236 3456 368 3519 triumpho,

95 3533 118 3568 et
129 3523 273 3583 triumphari

95 3605 125 3634 ex
141 3605 168 3636 cn
181 3590 250 3647 urbe,

95 3657 146 3702 siue
157 3671 204 3717 que
217 3670 341 3717 nunquam

96 3724 172 3769 nostri
185 3725 339 3784 imperotores

96 3789 279 3849 triumpharunt

96 3871 126 3900 ex
139 3857 208 3902 bellis
221 3854 387 3916 transalpinis.

96 3924 315 3968 Conuuemerurevu
329 3932 442 3983 proeteren

96 3990 175 4035 multe
186 3990 279 4035 nelarie

97 4060 121 4104 in
134 4055 221 4113 socios,

481 989 543 1051 Dejo
556 996 707 1051 eupsrsmnt

481 1072 541 1104 nous
552 1056 726 1105 vrffsibliseioos
739 1061 867 1123 pen-li-pou

480 1131 541 1170 cette
553 1132 665 1170 coutume

481 1198 504 1236 et
515 1205 538 1236 ce
552 1194 668 1252 systeme;

482 1258 543 1303 mais
555 1259 623 1319 apres
635 1258 660 1304 le
674 1258 773 1305 victoira
785 1258 814 1306 ds
826 1259 893 1322 Sylla

481 1337 542 1369 nous
555 1327 585 1371 lev
597 1338 672 1370 avone
685 1325 773 1385 perdes
785 1334 837 1373 tout
849 1328 863 1374 ir
877 1327 929 1375 luit.

482 1390 517 1436 En
530 1390 586 1436 ellet
597 1391 803 1452 quoi-que-oe-sot

481 1472 547 1504 cesso
559 1457 587 1503 de
599 1461 704 1518 pnrsltre
717 1457 808 1519 injuste

481 1537 565 1569 envers
579 1523 614 1569 les
626 1524 705 1580 allice,

480 1590 549 1650 apres
562 1589 652 1650 qu'une
664 1590 793 1651 si-prende
806 1593 907 1639 cruente

481 1656 560 1702 s'etsit
572 1656 652 1702 eleves
661 1665 744 1703 contre
757 1658 791 1720 les
803 1659 921 1721 citoyens.

480 1720 549 1769 Donc
559 1737 589 1768 en
601 1721 702 1769 celui-liv
712 1723 799 1784 (Syllo)

480 1803 527 1836 uns
539 1789 638 1836 victoire
650 1804 699 1837 non
711 1788 816 1838 honesto

480 1855 553 1902 sitivit

480 1938 526 1969 une
536 1937 608 1970 conse
619 1920 723 1970 honnete
736 1955 743 1971 .

479 2003 508 2036 en
519 1989 575 2036 silet
587 1989 605 2036 il
617 2004 659 2036 ose
673 1989 733 2044 dire,

480 2056 504 2102 le
514 2055 586 2119 pique
595 2057 662 2102 eterit
675 2057 764 2118 places,

480 2123 589 2184 lorsqu'il
604 2123 702 2170 vendoit
714 2139 756 2171 sur
769 2124 791 2170 le
804 2123 882 2171 forum

478 2187 512 2235 les
524 2190 593 2236 biens
606 2197 630 2236 et
642 2189 776 2237 d’bommes
792 2190 896 2243 de-bien.

478 2262 502 2301 et
513 2255 541 2302 de
553 2255 639 2313 riches,

480 2330 503 2368 et
516 2324 666 2369 essurement
677 2320 705 2368 de
718 2322 837 2384 citoyens‚

479 2387 604 2436 lui-meme
617 2389 707 2435 vendre
718 2404 761 2435 son
778 2390 847 2437 buliu

482 2455 516 2499 Uo
530 2458 616 2501 lromuve
628 2460 648 2501 le
659 2455 742 2507 suivit.

481 2522 521 2582 qui
535 2523 595 2569 dens
610 2536 656 2567 une
668 2535 739 2568 cause
749 2520 830 2583 impie.

479 2604 527 2634 une
545 2588 644 2636 victoire
656 2602 742 2635 encore
755 2587 810 2649 plus
828 2586 953 2645 hontsuse,

480 2670 509 2701 ne
521 2653 667 2715 confisqueit
680 2669 722 2715 pus
733 2655 766 2700 les
778 2652 847 2700 biens

479 2720 520 2767 des
532 2723 641 2783 citoyens
653 2720 734 2777 isoles,

478 2788 539 2834 mais
551 2787 694 2835 embrnssnit

479 2853 539 2901 diens
551 2869 585 2901 un
597 2854 649 2901 seul
665 2853 760 2915 (meme)
778 2851 843 2900 droit
852 2851 882 2900 <le
892 2852 1004 2902 meilleur

477 2920 518 2967 des
531 2920 655 2984 provinces

479 2995 502 3034 et
515 2988 559 3035 des
570 2988 679 3035 conules
694 2984 869 3034 tout-entieres.

478 3054 680 3117 C'est·pourquoi.
695 3054 729 3100 les
740 3052 836 3101 notione
846 3054 987 3117 etrsngbres

479 3127 553 3182 ayant
562 3124 598 3167 etc'
609 3120 758 3167 moltreite'es
770 3125 794 3165 et
803 3119 909 3176 ruiuees.

479 3202 540 3234 nous
553 3202 628 3235 avons
642 3202 675 3234 vu

477 3268 538 3315 pour
549 3254 656 3316 exemplo

476 3320 504 3366 de
516 3321 624 3383 l'empire
637 3319 712 3383 perdu

478 3387 598 3435 llereeille

479 3458 528 3501 etro
545 3455 626 3516 porte'e
639 3453 700 3501 dens
710 3453 733 3499 le
744 3450 873 3515 triompho,

478 3527 503 3567 et
514 3536 547 3567 un
558 3520 821 3583 triumphe-etre-mene

479 3602 521 3634 sur
532 3594 593 3634 cette
603 3587 669 3643 ville,

479 3669 535 3700 sone
547 3654 650 3714 laquelle
661 3652 751 3715 jamnis

479 3735 522 3766 nos
534 3722 657 3782 ge'neroux

479 3788 549 3833 u'ont
559 3785 680 3848 triomplu'·

479 3852 603 3899 ieie-suite
615 3853 656 3897 des
672 3868 770 3915 gucrres
781 3848 949 3912 transalpinos.

478 3920 507 3967 ,le
522 3918 682 3980 rapporterais
692 3935 722 3967 en
737 3927 805 3967 outre

479 3986 508 4032 de
520 3985 654 4033 norubreux
664 3995 723 4034 actes
733 3981 857 4035 criminelr

479 4066 563 4099 envers
573 4052 608 4099 les
619 4051 698 4111 allice,
