<?xml version="1.0" encoding="UTF-8"?>
<!DOCTYPE html PUBLIC "-//W3C//DTD XHTML 1.0 Transitional//EN"
    "http://www.w3.org/TR/xhtml1/DTD/xhtml1-transitional.dtd">
<html xmlns="http://www.w3.org/1999/xhtml" xml:lang="en" lang="en">
 <head>
  <title>
</title>
<meta http-equiv="Content-Type" content="text/html;charset=utf-8" />
  <meta name='ocr-system' content='tesseract 3.04.00' />
  <meta name='ocr-capabilities' content='ocr_page ocr_carea ocr_par ocr_line ocrx_word'/>
</head>
<body>
  <div class='ocr_page' id='page_1' title='image "./traitdesdevoirs00cicegoog_0436.png"; bbox 0 0 2364 4634; ppageno 0'>
   <div class='ocr_carea' id='block_1_1' title="bbox 216 732 871 816">
    <p class='ocr_par' dir='ltr' id='par_1_1' title="bbox 216 732 871 816">
     <span class='ocr_line' id='line_1_1' title="bbox 216 732 871 816; baseline -0.012 0"><span class='ocrx_word' id='word_1_1' title='bbox 216 759 274 816; x_wconf 70' lang='lat' dir='ltr'>tto</span> <span class='ocrx_word' id='word_1_2' title='bbox 493 766 542 811; x_wconf 78' lang='lat' dir='ltr'>‚os</span> <span class='ocrx_word' id='word_1_3' title='bbox 562 764 683 811; x_wconf 84' lang='lat' dir='ltr'>orneris</span> <span class='ocrx_word' id='word_1_4' title='bbox 703 764 786 810; x_wconf 85' lang='grc' dir='ltr'><strong>ιιιιι</strong></span> <span class='ocrx_word' id='word_1_5' title='bbox 808 732 871 810; x_wconf 48' lang='grc' dir='ltr'><strong>ιιι.)</strong></span> 
     </span>
    </p>
   </div>
   <div class='ocr_carea' id='block_1_2' title="bbox 215 876 1148 2370">
    <p class='ocr_par' dir='ltr' id='par_1_2' title="bbox 215 876 1148 2269">
     <span class='ocr_line' id='line_1_2' title="bbox 215 876 1148 951; baseline 0.003 -16"><span class='ocrx_word' id='word_1_6' title='bbox 215 897 246 935; x_wconf 84' lang='lat' dir='ltr'>es</span> <span class='ocrx_word' id='word_1_7' title='bbox 261 880 303 933; x_wconf 81' lang='lat' dir='ltr'>liis</span> <span class='ocrx_word' id='word_1_8' title='bbox 316 879 383 950; x_wconf 90' lang='lat' dir='ltr'>ipsis</span> <span class='ocrx_word' id='word_1_9' title='bbox 397 879 420 933; x_wconf 90' lang='lat' dir='ltr'>si</span> <span class='ocrx_word' id='word_1_10' title='bbox 440 879 504 951; x_wconf 82' lang='lat' dir='ltr'>quid</span> <span class='ocrx_word' id='word_1_11' title='bbox 520 879 624 935; x_wconf 82' lang='lat' dir='ltr'>inesset</span> <span class='ocrx_word' id='word_1_12' title='bbox 637 876 712 945; x_wconf 83' lang='lat' dir='ltr'>boni,</span> <span class='ocrx_word' id='word_1_13' title='bbox 726 884 868 951; x_wconf 75' lang='lat' dir='ltr'>propterea</span> <span class='ocrx_word' id='word_1_14' title='bbox 881 878 981 949; x_wconf 82' lang='lat' dir='ltr'>etotio</span> <span class='ocrx_word' id='word_1_15' title='bbox 993 880 1087 947; x_wconf 51' lang='lat' dir='ltr'>irrror}</span> <span class='ocrx_word' id='word_1_16' title='bbox 1098 880 1148 937; x_wconf 77' lang='lat' dir='ltr'>uon</span> 
     </span>
     <span class='ocr_line' id='line_1_3' title="bbox 216 964 1147 1053; baseline 0.004 -18"><span class='ocrx_word' id='word_1_17' title='bbox 216 981 261 1036; x_wconf 96' lang='lat' dir='ltr'>illo</span> <span class='ocrx_word' id='word_1_18' title='bbox 273 982 394 1051; x_wconf 85' lang='lat' dir='ltr'>quidem,</span> <span class='ocrx_word' id='word_1_19' title='bbox 407 995 460 1053; x_wconf 88' lang='lat' dir='ltr'>quo</span> <span class='ocrx_word' id='word_1_20' title='bbox 484 980 584 1037; x_wconf 86' lang='lat' dir='ltr'>debest</span> <span class='ocrx_word' id='word_1_21' title='bbox 608 979 633 1034; x_wconf 90' lang='lat' dir='ltr'>is</span> <span class='ocrx_word' id='word_1_22' title='bbox 654 979 702 1051; x_wconf 83' lang='lat' dir='ltr'>qui</span> <span class='ocrx_word' id='word_1_23' title='bbox 724 964 1043 1053; x_wconf 56' lang='lat' dir='ltr'>quoudsm&#39;peperinet</span> <span class='ocrx_word' id='word_1_24' title='bbox 1063 982 1147 1041; x_wconf 75' lang='lat' dir='ltr'>otium</span> 
     </span>
     <span class='ocr_line' id='line_1_4' title="bbox 216 1078 1146 1152; baseline 0.003 -18"><span class='ocrx_word' id='word_1_25' title='bbox 216 1080 329 1147; x_wconf 80' lang='lat' dir='ltr'>civitati,</span> <span class='ocrx_word' id='word_1_26' title='bbox 352 1094 401 1135; x_wconf 88' lang='lat' dir='ltr'>neo</span> <span class='ocrx_word' id='word_1_27' title='bbox 424 1095 484 1136; x_wconf 90' lang='lat' dir='ltr'>esrn</span> <span class='ocrx_word' id='word_1_28' title='bbox 509 1079 683 1136; x_wconf 71' lang='lat' dir='ltr'>solitudinem</span> <span class='ocrx_word' id='word_1_29' title='bbox 709 1078 835 1151; x_wconf 74' lang='lat' dir='ltr'>languere</span> <span class='ocrx_word' id='word_1_30' title='bbox 855 1078 954 1149; x_wconf 79' lang='lat' dir='ltr'>potior,</span> <span class='ocrx_word' id='word_1_31' title='bbox 978 1094 1067 1152; x_wconf 77' lang='lat' dir='ltr'>quam</span> <span class='ocrx_word' id='word_1_32' title='bbox 1084 1081 1146 1137; x_wconf 76' lang='lat' dir='ltr'>nidi</span> 
     </span>
     <span class='ocr_line' id='line_1_5' title="bbox 215 1178 1146 1255; baseline 0.002 -18"><span class='ocrx_word' id='word_1_33' title='bbox 215 1183 291 1238; x_wconf 84' lang='lat' dir='ltr'>uliert</span> <span class='ocrx_word' id='word_1_34' title='bbox 306 1183 463 1254; x_wconf 76' lang='lat' dir='ltr'>necessitas,</span> <span class='ocrx_word' id='word_1_35' title='bbox 486 1197 541 1239; x_wconf 92' lang='lat' dir='ltr'>non</span> <span class='ocrx_word' id='word_1_36' title='bbox 567 1181 702 1238; x_wconf 78' lang='lat' dir='ltr'>voluntas.</span> <span class='ocrx_word' id='word_1_37' title='bbox 720 1180 880 1252; x_wconf 80' lang='lat' dir='ltr'>Qusuqusm</span> <span class='ocrx_word' id='word_1_38' title='bbox 899 1178 1053 1241; x_wconf 68' lang='lat' dir='ltr'>ernanus</span> <span class='ocrx_word' id='word_1_39' title='bbox 1065 1184 1146 1255; x_wconf 64' lang='lat' dir='ltr'>mep-</span> 
     </span>
     <span class='ocr_line' id='line_1_6' title="bbox 216 1278 1146 1361; baseline 0.004 -23"><span class='ocrx_word' id='word_1_40' title='bbox 216 1301 271 1339; x_wconf 85' lang='lat' dir='ltr'>rem</span> <span class='ocrx_word' id='word_1_41' title='bbox 291 1278 398 1341; x_wconf 86' lang='lat' dir='ltr'>leudem</span> <span class='ocrx_word' id='word_1_42' title='bbox 421 1283 463 1340; x_wconf 88' lang='lat' dir='ltr'>vei</span> <span class='ocrx_word' id='word_1_43' title='bbox 482 1299 543 1339; x_wconf 90' lang='lat' dir='ltr'>meo</span> <span class='ocrx_word' id='word_1_44' title='bbox 554 1283 658 1355; x_wconf 88' lang='lat' dir='ltr'>judicio</span> <span class='ocrx_word' id='word_1_45' title='bbox 676 1282 985 1355; x_wconf 77' lang='lat' dir='ltr'>assequebaturruulis</span> <span class='ocrx_word' id='word_1_46' title='bbox 997 1285 1076 1342; x_wconf 83' lang='lat' dir='ltr'>enirn</span> <span class='ocrx_word' id='word_1_47' title='bbox 1089 1288 1146 1361; x_wconf 72' lang='lat' dir='ltr'>ejus</span> 
     </span>
     <span class='ocr_line' id='line_1_7' title="bbox 216 1382 1147 1455; baseline 0.006 -17"><span class='ocrx_word' id='word_1_48' title='bbox 216 1385 315 1455; x_wconf 77' lang='lat' dir='ltr'>ingenii</span> <span class='ocrx_word' id='word_1_49' title='bbox 331 1392 503 1440; x_wconf 88' lang='lat' dir='ltr'>monuments</span> <span class='ocrx_word' id='word_1_50' title='bbox 522 1384 649 1441; x_wconf 80' lang='lat' dir='ltr'>mundate</span> <span class='ocrx_word' id='word_1_51' title='bbox 671 1382 777 1447; x_wconf 84' lang='lat' dir='ltr'>litteris.</span> <span class='ocrx_word' id='word_1_52' title='bbox 802 1382 907 1439; x_wconf 88' lang='lat' dir='ltr'>nullum</span> <span class='ocrx_word' id='word_1_53' title='bbox 929 1398 1002 1455; x_wconf 83' lang='lat' dir='ltr'>opus</span> <span class='ocrx_word' id='word_1_54' title='bbox 1017 1386 1079 1455; x_wconf 87' lang='lat' dir='ltr'>otii,</span> <span class='ocrx_word' id='word_1_55' title='bbox 1092 1386 1147 1443; x_wconf 80' lang='lat' dir='ltr'>ool</span> 
     </span>
     <span class='ocr_line' id='line_1_8' title="bbox 216 1484 1145 1557; baseline 0.003 -17"><span class='ocrx_word' id='word_1_56' title='bbox 216 1486 270 1540; x_wconf 91' lang='lat' dir='ltr'>lum</span> <span class='ocrx_word' id='word_1_57' title='bbox 292 1485 446 1541; x_wconf 85' lang='lat' dir='ltr'>solitudinis</span> <span class='ocrx_word' id='word_1_58' title='bbox 466 1493 568 1540; x_wconf 88' lang='lat' dir='ltr'>munus</span> <span class='ocrx_word' id='word_1_59' title='bbox 587 1491 685 1542; x_wconf 82' lang='lat' dir='ltr'>exstet.</span> <span class='ocrx_word' id='word_1_60' title='bbox 707 1485 747 1540; x_wconf 79' lang='lat' dir='ltr'>Rs</span> <span class='ocrx_word' id='word_1_61' title='bbox 761 1499 816 1556; x_wconf 91' lang='lat' dir='ltr'>quo</span> <span class='ocrx_word' id='word_1_62' title='bbox 839 1484 955 1557; x_wconf 73' lang='lat' dir='ltr'>intelligi</span> <span class='ocrx_word' id='word_1_63' title='bbox 969 1484 1059 1543; x_wconf 85' lang='lat' dir='ltr'>debet</span> <span class='ocrx_word' id='word_1_64' title='bbox 1071 1486 1145 1543; x_wconf 82' lang='lat' dir='ltr'>illuni</span> 
     </span>
     <span class='ocr_line' id='line_1_9' title="bbox 216 1586 1147 1661; baseline 0.005 -20"><span class='ocrx_word' id='word_1_65' title='bbox 216 1589 314 1643; x_wconf 85' lang='lat' dir='ltr'>mentis</span> <span class='ocrx_word' id='word_1_66' title='bbox 335 1587 492 1658; x_wconf 72' lang='lat' dir='ltr'>agitatione,</span> <span class='ocrx_word' id='word_1_67' title='bbox 514 1586 777 1660; x_wconf 75' lang='lat' dir='ltr'>investigetioneque</span> <span class='ocrx_word' id='word_1_68' title='bbox 800 1602 894 1643; x_wconf 86' lang='lat' dir='ltr'>esrum</span> <span class='ocrx_word' id='word_1_69' title='bbox 912 1602 1147 1661; x_wconf 78' lang='lat' dir='ltr'>rerumquesoo·</span> 
     </span>
     <span class='ocr_line' id='line_1_10' title="bbox 215 1686 1148 1760; baseline 0.008 -18"><span class='ocrx_word' id='word_1_70' title='bbox 215 1689 325 1758; x_wconf 71' lang='lat' dir='ltr'>girando</span> <span class='ocrx_word' id='word_1_71' title='bbox 335 1688 563 1760; x_wconf 88' lang='lat' dir='ltr'>consequebslur,</span> <span class='ocrx_word' id='word_1_72' title='bbox 575 1705 627 1744; x_wconf 89' lang='lat' dir='ltr'>nec</span> <span class='ocrx_word' id='word_1_73' title='bbox 633 1688 748 1744; x_wconf 89' lang='lat' dir='ltr'>otiosum</span> <span class='ocrx_word' id='word_1_74' title='bbox 759 1703 809 1744; x_wconf 91' lang='lat' dir='ltr'>nec</span> <span class='ocrx_word' id='word_1_75' title='bbox 818 1686 905 1745; x_wconf 87' lang='lat' dir='ltr'>solum</span> <span class='ocrx_word' id='word_1_76' title='bbox 914 1704 1037 1759; x_wconf 86' lang='lat' dir='ltr'>unqusm</span> <span class='ocrx_word' id='word_1_77' title='bbox 1047 1688 1148 1749; x_wconf 69' lang='lat' dir='ltr'>rursu.</span> 
     </span>
     <span class='ocr_line' id='line_1_11' title="bbox 216 1791 1146 1866; baseline 0.004 -20"><span class='ocrx_word' id='word_1_78' title='bbox 216 1793 269 1847; x_wconf 79' lang='lat' dir='ltr'>lios</span> <span class='ocrx_word' id='word_1_79' title='bbox 293 1800 393 1858; x_wconf 84' lang='lat' dir='ltr'>sulem,</span> <span class='ocrx_word' id='word_1_80' title='bbox 412 1793 525 1866; x_wconf 89' lang='lat' dir='ltr'>quinon</span> <span class='ocrx_word' id='word_1_81' title='bbox 537 1800 643 1848; x_wconf 83' lang='lat' dir='ltr'>tentum</span> <span class='ocrx_word' id='word_1_82' title='bbox 668 1793 774 1849; x_wconf 89' lang='lat' dir='ltr'>roboris</span> <span class='ocrx_word' id='word_1_83' title='bbox 795 1791 967 1847; x_wconf 83' lang='lat' dir='ltr'>lrabemusut</span> <span class='ocrx_word' id='word_1_84' title='bbox 979 1792 1146 1865; x_wconf 73' lang='lat' dir='ltr'>cogitetiooo</span> 
     </span>
     <span class='ocr_line' id='line_1_12' title="bbox 217 1892 1145 1969; baseline 0.005 -24"><span class='ocrx_word' id='word_1_85' title='bbox 217 1894 296 1948; x_wconf 84' lang='lat' dir='ltr'>tacite</span> <span class='ocrx_word' id='word_1_86' title='bbox 318 1910 332 1947; x_wconf 84' lang='lat' dir='ltr'>a</span> <span class='ocrx_word' id='word_1_87' title='bbox 348 1893 496 1949; x_wconf 84' lang='lat' dir='ltr'>solitudine</span> <span class='ocrx_word' id='word_1_88' title='bbox 511 1892 710 1961; x_wconf 76' lang='lat' dir='ltr'>abstrahemur,</span> <span class='ocrx_word' id='word_1_89' title='bbox 726 1894 760 1949; x_wconf 94' lang='lat' dir='ltr'>sd</span> <span class='ocrx_word' id='word_1_90' title='bbox 772 1893 843 1949; x_wconf 85' lang='lat' dir='ltr'>huno</span> <span class='ocrx_word' id='word_1_91' title='bbox 858 1892 999 1949; x_wconf 87' lang='lat' dir='ltr'>scribendi</span> <span class='ocrx_word' id='word_1_92' title='bbox 1032 1909 1145 1969; x_wconf 79' lang='lat' dir='ltr'>operum</span> 
     </span>
     <span class='ocr_line' id='line_1_13' title="bbox 218 1991 1146 2066; baseline 0.004 -18"><span class='ocrx_word' id='word_1_93' title='bbox 218 2009 295 2049; x_wconf 83' lang='lat' dir='ltr'>omne</span> <span class='ocrx_word' id='word_1_94' title='bbox 316 1994 435 2049; x_wconf 82' lang='lat' dir='ltr'>studium</span> <span class='ocrx_word' id='word_1_95' title='bbox 455 2010 603 2065; x_wconf 83' lang='lat' dir='ltr'>curemque</span> <span class='ocrx_word' id='word_1_96' title='bbox 628 1995 820 2051; x_wconf 78' lang='lat' dir='ltr'>convertimus.</span> <span class='ocrx_word' id='word_1_97' title='bbox 843 1995 938 2063; x_wconf 81' lang='lat' dir='ltr'>ltaque</span> <span class='ocrx_word' id='word_1_98' title='bbox 961 1991 1042 2066; x_wconf 69' lang='lat' dir='ltr'>pluro</span> <span class='ocrx_word' id='word_1_99' title='bbox 1066 1994 1146 2051; x_wconf 76' lang='lat' dir='ltr'>hreni</span> 
     </span>
     <span class='ocr_line' id='line_1_14' title="bbox 217 2086 1145 2170; baseline 0.008 -22"><span class='ocrx_word' id='word_1_100' title='bbox 217 2103 351 2165; x_wconf 87' lang='lat' dir='ltr'>tempore,</span> <span class='ocrx_word' id='word_1_101' title='bbox 374 2112 488 2167; x_wconf 81' lang='lat' dir='ltr'>eversu,</span> <span class='ocrx_word' id='word_1_102' title='bbox 516 2113 599 2170; x_wconf 83' lang='lat' dir='ltr'>quom</span> <span class='ocrx_word' id='word_1_103' title='bbox 626 2086 719 2152; x_wconf 85' lang='lat' dir='ltr'>niullis</span> <span class='ocrx_word' id='word_1_104' title='bbox 751 2096 841 2162; x_wconf 76' lang='grc' dir='ltr'><strong>ιιιιιιὶι,</strong></span> <span class='ocrx_word' id='word_1_105' title='bbox 870 2101 960 2150; x_wconf 84' lang='lat' dir='ltr'>stante</span> <span class='ocrx_word' id='word_1_106' title='bbox 986 2086 1145 2169; x_wconf 83' lang='lat' dir='ltr'>republios,¹</span> 
     </span>
     <span class='ocr_line' id='line_1_15' title="bbox 218 2192 698 2269; baseline 0.01 -18"><span class='ocrx_word' id='word_1_107' title='bbox 218 2199 386 2269; x_wconf 79' lang='lat' dir='ltr'>scripsimus.</span> <span class='ocrx_word' id='word_1_108' title='bbox 693 2192 698 2205; x_wconf 65' lang='lat'>⁸</span> 
     </span>
    </p>

    <p class='ocr_par' dir='ltr' id='par_1_3' title="bbox 253 2297 1147 2370">
     <span class='ocr_line' id='line_1_16' title="bbox 253 2297 1147 2370; baseline 0.008 -19"><span class='ocrx_word' id='word_1_109' title='bbox 253 2299 283 2352; x_wconf 92' lang='lat' dir='ltr'>ll.</span> <span class='ocrx_word' id='word_1_110' title='bbox 301 2298 362 2365; x_wconf 85' lang='lat' dir='ltr'>Sed,</span> <span class='ocrx_word' id='word_1_111' title='bbox 387 2315 472 2370; x_wconf 84' lang='lat' dir='ltr'>quum</span> <span class='ocrx_word' id='word_1_112' title='bbox 498 2307 553 2355; x_wconf 87' lang='lat' dir='ltr'>totu</span> <span class='ocrx_word' id='word_1_113' title='bbox 580 2297 762 2370; x_wconf 81' lang='lat' dir='ltr'>plrilosoplriu,</span> <span class='ocrx_word' id='word_1_114' title='bbox 779 2299 815 2352; x_wconf 93' lang='lat' dir='ltr'>mi</span> <span class='ocrx_word' id='word_1_115' title='bbox 833 2298 936 2365; x_wconf 88' lang='lat' dir='ltr'>Cicero,</span> <span class='ocrx_word' id='word_1_116' title='bbox 961 2297 1096 2369; x_wconf 83' lang='lat' dir='ltr'>lrugilern</span> <span class='ocrx_word' id='word_1_117' title='bbox 1117 2308 1147 2357; x_wconf 85' lang='lat' dir='ltr'>el</span> 
     </span>
    </p>
   </div>
   <div class='ocr_carea' id='block_1_3' title="bbox 216 2539 1148 3528">
    <p class='ocr_par' dir='ltr' id='par_1_4' title="bbox 216 2539 1148 3528">
     <span class='ocr_line' id='line_1_17' title="bbox 218 2539 1148 2609; baseline 0.003 -22"><span class='ocrx_word' id='word_1_118' title='bbox 218 2543 278 2587; x_wconf 76' lang='lat' dir='ltr'>ineis</span> <span class='ocrx_word' id='word_1_119' title='bbox 297 2558 326 2588; x_wconf 89' lang='lat' dir='ltr'>en</span> <span class='ocrx_word' id='word_1_120' title='bbox 344 2544 401 2590; x_wconf 88' lang='lat' dir='ltr'>tirer</span> <span class='ocrx_word' id='word_1_121' title='bbox 413 2544 498 2597; x_wconf 68' lang='lat' dir='ltr'>meme,</span> <span class='ocrx_word' id='word_1_122' title='bbox 511 2541 548 2589; x_wconf 88' lang='lat' dir='ltr'>r&#39;il</span> <span class='ocrx_word' id='word_1_123' title='bbox 568 2548 605 2587; x_wconf 85' lang='lat' dir='ltr'>set</span> <span class='ocrx_word' id='word_1_124' title='bbox 615 2541 727 2602; x_wconf 81' lang='lat' dir='ltr'>possible,</span> <span class='ocrx_word' id='word_1_125' title='bbox 743 2541 846 2603; x_wconf 86' lang='lat' dir='ltr'>quelque</span> <span class='ocrx_word' id='word_1_126' title='bbox 865 2548 928 2589; x_wconf 84' lang='lat' dir='ltr'>sorte</span> <span class='ocrx_word' id='word_1_127' title='bbox 947 2539 1148 2609; x_wconf 66' lang='lat' dir='ltr'>d&#39;srsnlnge.je</span> 
     </span>
     <span class='ocr_line' id='line_1_18' title="bbox 216 2631 1145 2697; baseline 0.003 -18"><span class='ocrx_word' id='word_1_128' title='bbox 216 2634 281 2695; x_wconf 88' lang='lat' dir='ltr'>jonis</span> <span class='ocrx_word' id='word_1_129' title='bbox 292 2635 386 2682; x_wconf 84' lang='lat' dir='ltr'>demon</span> <span class='ocrx_word' id='word_1_130' title='bbox 398 2634 467 2682; x_wconf 89' lang='lat' dir='ltr'>loisir</span> <span class='ocrx_word' id='word_1_131' title='bbox 480 2634 558 2696; x_wconf 77' lang='lat' dir='ltr'>(loisis</span> <span class='ocrx_word' id='word_1_132' title='bbox 568 2633 624 2680; x_wconf 88' lang='lat' dir='ltr'>bien</span> <span class='ocrx_word' id='word_1_133' title='bbox 638 2631 749 2679; x_wconf 77' lang='lat' dir='ltr'>different</span> <span class='ocrx_word' id='word_1_134' title='bbox 761 2631 790 2679; x_wconf 87' lang='lat' dir='ltr'>de</span> <span class='ocrx_word' id='word_1_135' title='bbox 800 2632 862 2680; x_wconf 85' lang='lat' dir='ltr'>celui</span> <span class='ocrx_word' id='word_1_136' title='bbox 872 2647 919 2695; x_wconf 88' lang='lat' dir='ltr'>que</span> <span class='ocrx_word' id='word_1_137' title='bbox 935 2632 1037 2695; x_wconf 79' lang='lat' dir='ltr'>poussit</span> <span class='ocrx_word' id='word_1_138' title='bbox 1048 2634 1145 2697; x_wconf 62' lang='grc' dir='ltr'><strong>κρότοι</strong></span> 
     </span>
     <span class='ocr_line' id='line_1_19' title="bbox 218 2724 1146 2790; baseline 0.004 -17"><span class='ocrx_word' id='word_1_139' title='bbox 218 2741 250 2774; x_wconf 88' lang='lat' dir='ltr'>un</span> <span class='ocrx_word' id='word_1_140' title='bbox 263 2726 360 2775; x_wconf 86' lang='lat' dir='ltr'>homme</span> <span class='ocrx_word' id='word_1_141' title='bbox 380 2728 421 2790; x_wconf 77' lang='lat' dir='ltr'>quui</span> <span class='ocrx_word' id='word_1_142' title='bbox 435 2744 450 2776; x_wconf 81' lang='grc' dir='ltr'><strong>ι</strong></span> <span class='ocrx_word' id='word_1_143' title='bbox 462 2725 538 2775; x_wconf 87' lang='lat' dir='ltr'>reudu</span> <span class='ocrx_word' id='word_1_144' title='bbox 549 2726 572 2773; x_wconf 83' lang='lat' dir='ltr'>le</span> <span class='ocrx_word' id='word_1_145' title='bbox 585 2740 654 2788; x_wconf 74' lang='lat' dir='ltr'>repon</span> <span class='ocrx_word' id='word_1_146' title='bbox 673 2727 688 2772; x_wconf 79' lang='lat' dir='ltr'>lt</span> <span class='ocrx_word' id='word_1_147' title='bbox 701 2725 726 2773; x_wconf 87' lang='lat' dir='ltr'>ls</span> <span class='ocrx_word' id='word_1_148' title='bbox 738 2725 898 2788; x_wconf 83' lang='lat' dir='ltr'>re&#39;publique),</span> <span class='ocrx_word' id='word_1_149' title='bbox 911 2732 934 2773; x_wconf 83' lang='lat' dir='ltr'>st</span> <span class='ocrx_word' id='word_1_150' title='bbox 947 2724 974 2787; x_wconf 89' lang='lat' dir='ltr'>je</span> <span class='ocrx_word' id='word_1_151' title='bbox 984 2725 1058 2774; x_wconf 71' lang='lat' dir='ltr'>ldohs</span> <span class='ocrx_word' id='word_1_152' title='bbox 1068 2726 1099 2775; x_wconf 85' lang='lat' dir='ltr'>de</span> <span class='ocrx_word' id='word_1_153' title='bbox 1113 2743 1146 2777; x_wconf 80' lang='lat' dir='ltr'>ns</span> 
     </span>
     <span class='ocr_line' id='line_1_20' title="bbox 218 2816 1144 2882; baseline 0.001 -17"><span class='ocrx_word' id='word_1_154' title='bbox 218 2835 260 2881; x_wconf 81' lang='lat' dir='ltr'>pus</span> <span class='ocrx_word' id='word_1_155' title='bbox 273 2820 372 2882; x_wconf 74' lang='lat' dir='ltr'>languit</span> <span class='ocrx_word' id='word_1_156' title='bbox 385 2819 445 2865; x_wconf 80' lang='lat' dir='ltr'>dous</span> <span class='ocrx_word' id='word_1_157' title='bbox 456 2826 518 2866; x_wconf 86' lang='lat' dir='ltr'>cette</span> <span class='ocrx_word' id='word_1_158' title='bbox 530 2817 634 2866; x_wconf 81' lang='lat' dir='ltr'>solitudo</span> <span class='ocrx_word' id='word_1_159' title='bbox 646 2819 678 2865; x_wconf 88' lang='lat' dir='ltr'>oir</span> <span class='ocrx_word' id='word_1_160' title='bbox 692 2817 716 2876; x_wconf 90' lang='lat' dir='ltr'>js</span> <span class='ocrx_word' id='word_1_161' title='bbox 728 2832 766 2864; x_wconf 87' lang='lat' dir='ltr'>me</span> <span class='ocrx_word' id='word_1_162' title='bbox 777 2824 862 2864; x_wconf 80' lang='lat' dir='ltr'>trouve</span> <span class='ocrx_word' id='word_1_163' title='bbox 873 2832 916 2880; x_wconf 89' lang='lat' dir='ltr'>psr</span> <span class='ocrx_word' id='word_1_164' title='bbox 929 2816 1046 2864; x_wconf 68' lang='lat' dir='ltr'>nicessitd</span> <span class='ocrx_word' id='word_1_165' title='bbox 1063 2818 1144 2881; x_wconf 81' lang='lat' dir='ltr'>plutdt</span> 
     </span>
     <span class='ocr_line' id='line_1_21' title="bbox 220 2907 1142 2973; baseline 0.003 -18"><span class='ocrx_word' id='word_1_166' title='bbox 220 2925 265 2970; x_wconf 89' lang='lat' dir='ltr'>que</span> <span class='ocrx_word' id='word_1_167' title='bbox 276 2925 318 2972; x_wconf 83' lang='lat' dir='ltr'>pur</span> <span class='ocrx_word' id='word_1_168' title='bbox 328 2909 407 2959; x_wconf 84' lang='lat' dir='ltr'>choix.</span> <span class='ocrx_word' id='word_1_169' title='bbox 422 2910 527 2973; x_wconf 84' lang='lat' dir='ltr'>Scipion,</span> <span class='ocrx_word' id='word_1_170' title='bbox 540 2910 566 2972; x_wconf 89' lang='lat' dir='ltr'>jo</span> <span class='ocrx_word' id='word_1_171' title='bbox 582 2911 604 2957; x_wconf 91' lang='lat' dir='ltr'>le</span> <span class='ocrx_word' id='word_1_172' title='bbox 620 2910 754 2969; x_wconf 77' lang='lat' dir='ltr'>reconnais,</span> <span class='ocrx_word' id='word_1_173' title='bbox 767 2910 825 2957; x_wconf 86' lang='lat' dir='ltr'>s&#39;est</span> <span class='ocrx_word' id='word_1_174' title='bbox 838 2910 921 2973; x_wconf 77' lang='lat' dir='ltr'>ecquis</span> <span class='ocrx_word' id='word_1_175' title='bbox 935 2910 990 2973; x_wconf 87' lang='lat' dir='ltr'>plus</span> <span class='ocrx_word' id='word_1_176' title='bbox 1001 2907 1030 2956; x_wconf 86' lang='lat' dir='ltr'>de</span> <span class='ocrx_word' id='word_1_177' title='bbox 1042 2909 1142 2973; x_wconf 80' lang='lat' dir='ltr'>gloire:</span> 
     </span>
     <span class='ocr_line' id='line_1_22' title="bbox 219 3002 1143 3068; baseline 0.009 -21"><span class='ocrx_word' id='word_1_178' title='bbox 219 3002 256 3048; x_wconf 83' lang='lat' dir='ltr'>s’il</span> <span class='ocrx_word' id='word_1_179' title='bbox 275 3002 316 3048; x_wconf 80' lang='lat' dir='ltr'>n&#39;e</span> <span class='ocrx_word' id='word_1_180' title='bbox 340 3002 410 3049; x_wconf 75' lang='lat' dir='ltr'>luisse</span> <span class='ocrx_word' id='word_1_181' title='bbox 429 3018 478 3051; x_wconf 80' lang='lat' dir='ltr'>oux</span> <span class='ocrx_word' id='word_1_182' title='bbox 494 3004 575 3052; x_wconf 86' lang='lat' dir='ltr'>lettres</span> <span class='ocrx_word' id='word_1_183' title='bbox 593 3021 673 3053; x_wconf 80' lang='lat' dir='ltr'>suoun</span> <span class='ocrx_word' id='word_1_184' title='bbox 695 3013 837 3053; x_wconf 84' lang='lat' dir='ltr'>monument</span> <span class='ocrx_word' id='word_1_185' title='bbox 855 3004 883 3053; x_wconf 88' lang='lat' dir='ltr'>de</span> <span class='ocrx_word' id='word_1_186' title='bbox 901 3021 943 3052; x_wconf 89' lang='lat' dir='ltr'>sou</span> <span class='ocrx_word' id='word_1_187' title='bbox 957 3005 1039 3068; x_wconf 78' lang='lat' dir='ltr'>genie,</span> <span class='ocrx_word' id='word_1_188' title='bbox 1062 3020 1143 3055; x_wconf 79' lang='lat' dir='ltr'>suono</span> 
     </span>
     <span class='ocr_line' id='line_1_23' title="bbox 220 3090 1144 3157; baseline 0.009 -21"><span class='ocrx_word' id='word_1_189' title='bbox 220 3091 279 3137; x_wconf 88' lang='lat' dir='ltr'>l&#39;ruit</span> <span class='ocrx_word' id='word_1_190' title='bbox 293 3090 375 3139; x_wconf 85' lang='lat' dir='ltr'>deson</span> <span class='ocrx_word' id='word_1_191' title='bbox 398 3092 476 3151; x_wconf 90' lang='lat' dir='ltr'>loisir,</span> <span class='ocrx_word' id='word_1_192' title='bbox 490 3109 568 3141; x_wconf 89' lang='lat' dir='ltr'>suoun</span> <span class='ocrx_word' id='word_1_193' title='bbox 588 3095 686 3157; x_wconf 84' lang='lat' dir='ltr'>produit</span> <span class='ocrx_word' id='word_1_194' title='bbox 701 3095 728 3142; x_wconf 87' lang='lat' dir='ltr'>de</span> <span class='ocrx_word' id='word_1_195' title='bbox 745 3111 773 3142; x_wconf 85' lang='lat' dir='ltr'>ss</span> <span class='ocrx_word' id='word_1_196' title='bbox 787 3095 898 3145; x_wconf 69' lang='lat' dir='ltr'>solitudo.</span> <span class='ocrx_word' id='word_1_197' title='bbox 919 3095 971 3142; x_wconf 84' lang='lat' dir='ltr'>cols</span> <span class='ocrx_word' id='word_1_198' title='bbox 988 3096 1067 3143; x_wconf 66' lang='lat' dir='ltr'>meme</span> <span class='ocrx_word' id='word_1_199' title='bbox 1081 3110 1144 3144; x_wconf 77' lang='lat' dir='ltr'>nouo</span> 
     </span>
     <span class='ocr_line' id='line_1_24' title="bbox 219 3179 1145 3251; baseline 0.01 -24"><span class='ocrx_word' id='word_1_200' title='bbox 219 3179 264 3228; x_wconf 83' lang='lat' dir='ltr'>isit</span> <span class='ocrx_word' id='word_1_201' title='bbox 281 3183 333 3229; x_wconf 85' lang='lat' dir='ltr'>roir</span> <span class='ocrx_word' id='word_1_202' title='bbox 347 3184 459 3232; x_wconf 86' lang='lat' dir='ltr'>comblen</span> <span class='ocrx_word' id='word_1_203' title='bbox 472 3185 491 3233; x_wconf 87' lang='lat' dir='ltr'>il</span> <span class='ocrx_word' id='word_1_204' title='bbox 502 3187 560 3234; x_wconf 72' lang='lat' dir='ltr'>ituit</span> <span class='ocrx_word' id='word_1_205' title='bbox 572 3189 661 3248; x_wconf 77' lang='lat' dir='ltr'>oocupd</span> <span class='ocrx_word' id='word_1_206' title='bbox 674 3187 704 3232; x_wconf 87' lang='lat' dir='ltr'>de</span> <span class='ocrx_word' id='word_1_207' title='bbox 715 3203 752 3234; x_wconf 88' lang='lat' dir='ltr'>ses</span> <span class='ocrx_word' id='word_1_208' title='bbox 765 3190 861 3250; x_wconf 78' lang='lat' dir='ltr'>pensees</span> <span class='ocrx_word' id='word_1_209' title='bbox 871 3197 895 3234; x_wconf 87' lang='lat' dir='ltr'>et</span> <span class='ocrx_word' id='word_1_210' title='bbox 906 3186 947 3234; x_wconf 87' lang='lat' dir='ltr'>dee</span> <span class='ocrx_word' id='word_1_211' title='bbox 957 3185 1044 3235; x_wconf 83' lang='lat' dir='ltr'>choses</span> <span class='ocrx_word' id='word_1_212' title='bbox 1057 3203 1105 3251; x_wconf 85' lang='lat' dir='ltr'>que</span> <span class='ocrx_word' id='word_1_213' title='bbox 1117 3188 1145 3237; x_wconf 79' lang='lat' dir='ltr'>is</span> 
     </span>
     <span class='ocr_line' id='line_1_25' title="bbox 219 3273 1143 3342; baseline 0.008 -21"><span class='ocrx_word' id='word_1_214' title='bbox 219 3273 360 3325; x_wconf 76' lang='lat' dir='ltr'>meditstion</span> <span class='ocrx_word' id='word_1_215' title='bbox 372 3275 406 3322; x_wconf 90' lang='lat' dir='ltr'>lui</span> <span class='ocrx_word' id='word_1_216' title='bbox 419 3275 503 3325; x_wconf 83' lang='lat' dir='ltr'>isissit</span> <span class='ocrx_word' id='word_1_217' title='bbox 522 3276 656 3332; x_wconf 73' lang='lat' dir='ltr'>deoouvrir.</span> <span class='ocrx_word' id='word_1_218' title='bbox 669 3287 692 3323; x_wconf 86' lang='lat' dir='ltr'>et</span> <span class='ocrx_word' id='word_1_219' title='bbox 704 3278 762 3326; x_wconf 81' lang='lat' dir='ltr'>o&#39;est</span> <span class='ocrx_word' id='word_1_220' title='bbox 774 3295 817 3342; x_wconf 87' lang='lat' dir='ltr'>por</span> <span class='ocrx_word' id='word_1_221' title='bbox 829 3281 853 3327; x_wconf 82' lang='lat' dir='ltr'>lis</span> <span class='ocrx_word' id='word_1_222' title='bbox 862 3279 921 3342; x_wconf 85' lang='lat' dir='ltr'>qu&#39;il</span> <span class='ocrx_word' id='word_1_223' title='bbox 935 3286 971 3327; x_wconf 84' lang='lat' dir='ltr'>est</span> <span class='ocrx_word' id='word_1_224' title='bbox 984 3279 1036 3327; x_wconf 81' lang='lat' dir='ltr'>ursi</span> <span class='ocrx_word' id='word_1_225' title='bbox 1048 3280 1078 3328; x_wconf 84' lang='lat' dir='ltr'>de</span> <span class='ocrx_word' id='word_1_226' title='bbox 1092 3280 1143 3329; x_wconf 85' lang='lat' dir='ltr'>dire</span> 
     </span>
     <span class='ocr_line' id='line_1_26' title="bbox 219 3368 1147 3436; baseline 0.004 -21"><span class='ocrx_word' id='word_1_227' title='bbox 219 3369 279 3430; x_wconf 86' lang='lat' dir='ltr'>qu&#39;il</span> <span class='ocrx_word' id='word_1_228' title='bbox 289 3368 372 3416; x_wconf 74' lang='lat' dir='ltr'>n&#39;dtsit</span> <span class='ocrx_word' id='word_1_229' title='bbox 380 3368 471 3429; x_wconf 85' lang='lat' dir='ltr'>jumsis</span> <span class='ocrx_word' id='word_1_230' title='bbox 484 3369 548 3425; x_wconf 79' lang='lat' dir='ltr'>oisif.</span> <span class='ocrx_word' id='word_1_231' title='bbox 560 3370 650 3432; x_wconf 82' lang='lat' dir='ltr'>jomsis</span> <span class='ocrx_word' id='word_1_232' title='bbox 660 3372 721 3417; x_wconf 89' lang='lat' dir='ltr'>seul.</span> <span class='ocrx_word' id='word_1_233' title='bbox 732 3371 799 3420; x_wconf 86' lang='lat' dir='ltr'>Pour</span> <span class='ocrx_word' id='word_1_234' title='bbox 808 3373 865 3431; x_wconf 83' lang='lat' dir='ltr'>moi,</span> <span class='ocrx_word' id='word_1_235' title='bbox 879 3374 920 3436; x_wconf 86' lang='lat' dir='ltr'>qui</span> <span class='ocrx_word' id='word_1_236' title='bbox 934 3373 983 3423; x_wconf 83' lang='lat' dir='ltr'>u’si</span> <span class='ocrx_word' id='word_1_237' title='bbox 993 3374 1064 3436; x_wconf 84' lang='lat' dir='ltr'>point</span> <span class='ocrx_word' id='word_1_238' title='bbox 1076 3390 1147 3422; x_wconf 79' lang='lat' dir='ltr'>esses.</span> 
     </span>
     <span class='ocr_line' id='line_1_27' title="bbox 221 3460 1142 3528; baseline 0.009 -22"><span class='ocrx_word' id='word_1_239' title='bbox 221 3460 248 3506; x_wconf 88' lang='lat' dir='ltr'>de</span> <span class='ocrx_word' id='word_1_240' title='bbox 261 3460 324 3509; x_wconf 79' lang='lat' dir='ltr'>force</span> <span class='ocrx_word' id='word_1_241' title='bbox 336 3460 502 3523; x_wconf 84' lang='lat' dir='ltr'>d&#39;espritpour</span> <span class='ocrx_word' id='word_1_242' title='bbox 519 3477 558 3509; x_wconf 89' lang='lat' dir='ltr'>me</span> <span class='ocrx_word' id='word_1_243' title='bbox 573 3461 684 3509; x_wconf 84' lang='lat' dir='ltr'>distroire</span> <span class='ocrx_word' id='word_1_244' title='bbox 693 3462 722 3510; x_wconf 85' lang='lat' dir='ltr'>dc</span> <span class='ocrx_word' id='word_1_245' title='bbox 731 3480 771 3511; x_wconf 86' lang='lat' dir='ltr'>ms</span> <span class='ocrx_word' id='word_1_246' title='bbox 786 3464 889 3512; x_wconf 88' lang='lat' dir='ltr'>solitudo</span> <span class='ocrx_word' id='word_1_247' title='bbox 905 3481 949 3528; x_wconf 89' lang='lat' dir='ltr'>psr</span> <span class='ocrx_word' id='word_1_248' title='bbox 964 3465 989 3512; x_wconf 83' lang='lat' dir='ltr'>ls</span> <span class='ocrx_word' id='word_1_249' title='bbox 1000 3466 1142 3515; x_wconf 74' lang='lat' dir='ltr'>meditstiou</span> 
     </span>
    </p>
   </div>
   <div class='ocr_carea' id='block_1_4' title="bbox 220 3536 1140 3621">
    <p class='ocr_par' dir='ltr' id='par_1_5' title="bbox 220 3536 1140 3621">
     <span class='ocr_line' id='line_1_28' title="bbox 220 3536 1140 3621; baseline 0.008 -21"><span class='ocrx_word' id='word_1_250' title='bbox 220 3536 293 3611; x_wconf 73' lang='lat' dir='ltr'>seille,</span> <span class='ocrx_word' id='word_1_251' title='bbox 304 3553 330 3615; x_wconf 86' lang='lat' dir='ltr'>je</span> <span class='ocrx_word' id='word_1_252' title='bbox 341 3554 486 3617; x_wconf 87' lang='lat' dir='ltr'>m&#39;spplique</span> <span class='ocrx_word' id='word_1_253' title='bbox 498 3556 513 3601; x_wconf 80' lang='lat' dir='ltr'>lt</span> <span class='ocrx_word' id='word_1_254' title='bbox 524 3555 608 3611; x_wconf 72' lang='lat' dir='ltr'>scrire,</span> <span class='ocrx_word' id='word_1_255' title='bbox 621 3561 645 3600; x_wconf 84' lang='lat' dir='ltr'>st</span> <span class='ocrx_word' id='word_1_256' title='bbox 656 3555 680 3616; x_wconf 88' lang='lat' dir='ltr'>je</span> <span class='ocrx_word' id='word_1_257' title='bbox 693 3557 742 3619; x_wconf 85' lang='lat' dir='ltr'>m&#39;y</span> <span class='ocrx_word' id='word_1_258' title='bbox 764 3559 877 3621; x_wconf 80' lang='lat' dir='ltr'>spplique</span> <span class='ocrx_word' id='word_1_259' title='bbox 898 3566 952 3606; x_wconf 87' lang='lat' dir='ltr'>tout</span> <span class='ocrx_word' id='word_1_260' title='bbox 967 3559 1052 3607; x_wconf 83' lang='lat' dir='ltr'>entier.</span> <span class='ocrx_word' id='word_1_261' title='bbox 1067 3561 1140 3608; x_wconf 75' lang='lat' dir='ltr'>Aurei</span> 
     </span>
    </p>
   </div>
   <div class='ocr_carea' id='block_1_5' title="bbox 218 3645 1140 3800">
    <p class='ocr_par' dir='ltr' id='par_1_6' title="bbox 218 3645 1140 3800">
     <span class='ocr_line' id='line_1_29' title="bbox 218 3645 1140 3712; baseline 0.007 -19"><span class='ocrx_word' id='word_1_262' title='bbox 218 3645 262 3707; x_wconf 78' lang='lat' dir='ltr'>jul</span> <span class='ocrx_word' id='word_1_263' title='bbox 274 3647 329 3709; x_wconf 88' lang='lat' dir='ltr'>plus</span> <span class='ocrx_word' id='word_1_264' title='bbox 348 3647 408 3695; x_wconf 76' lang='lat' dir='ltr'>ecrit</span> <span class='ocrx_word' id='word_1_265' title='bbox 423 3662 453 3694; x_wconf 88' lang='lat' dir='ltr'>en</span> <span class='ocrx_word' id='word_1_266' title='bbox 468 3662 500 3695; x_wconf 89' lang='lat' dir='ltr'>un</span> <span class='ocrx_word' id='word_1_267' title='bbox 516 3657 585 3695; x_wconf 82' lang='lat' dir='ltr'>court</span> <span class='ocrx_word' id='word_1_268' title='bbox 597 3662 680 3710; x_wconf 86' lang='lat' dir='ltr'>espsce</span> <span class='ocrx_word' id='word_1_269' title='bbox 692 3648 720 3695; x_wconf 91' lang='lat' dir='ltr'>de</span> <span class='ocrx_word' id='word_1_270' title='bbox 735 3657 820 3712; x_wconf 76' lang='lat' dir='ltr'>temps,</span> <span class='ocrx_word' id='word_1_271' title='bbox 833 3649 915 3711; x_wconf 87' lang='lat' dir='ltr'>depuis</span> <span class='ocrx_word' id='word_1_272' title='bbox 927 3651 950 3699; x_wconf 91' lang='lat' dir='ltr'>le</span> <span class='ocrx_word' id='word_1_273' title='bbox 962 3663 1140 3699; x_wconf 84' lang='lat' dir='ltr'>reurersement</span> 
     </span>
     <span class='ocr_line' id='line_1_30' title="bbox 220 3734 1140 3800; baseline 0.007 -21"><span class='ocrx_word' id='word_1_274' title='bbox 220 3734 249 3780; x_wconf 91' lang='lat' dir='ltr'>de</span> <span class='ocrx_word' id='word_1_275' title='bbox 261 3735 286 3781; x_wconf 80' lang='lat' dir='ltr'>le</span> <span class='ocrx_word' id='word_1_276' title='bbox 298 3734 447 3796; x_wconf 59' lang='lat' dir='ltr'>reprimique,</span> <span class='ocrx_word' id='word_1_277' title='bbox 462 3734 533 3796; x_wconf 87' lang='lat' dir='ltr'>qu&#39;eu</span> <span class='ocrx_word' id='word_1_278' title='bbox 546 3734 574 3781; x_wconf 91' lang='lat' dir='ltr'>ds</span> <span class='ocrx_word' id='word_1_279' title='bbox 586 3735 740 3783; x_wconf 87' lang='lat' dir='ltr'>nombreuses</span> <span class='ocrx_word' id='word_1_280' title='bbox 754 3737 851 3796; x_wconf 73' lang='lat' dir='ltr'>omnies,</span> <span class='ocrx_word' id='word_1_281' title='bbox 864 3735 973 3797; x_wconf 85' lang='lat' dir='ltr'>pendunt</span> <span class='ocrx_word' id='word_1_282' title='bbox 983 3737 1071 3800; x_wconf 79' lang='lat' dir='ltr'>qu&#39;ells</span> <span class='ocrx_word' id='word_1_283' title='bbox 1082 3737 1140 3785; x_wconf 86' lang='lat' dir='ltr'>sub·</span> 
     </span>
    </p>
   </div>
   <div class='ocr_carea' id='block_1_6' title="bbox 222 3826 1138 3984">
    <p class='ocr_par' dir='ltr' id='par_1_7' title="bbox 222 3826 1138 3984">
     <span class='ocr_line' id='line_1_31' title="bbox 222 3826 403 3874; baseline -0.006 -1"><span class='ocrx_word' id='word_1_284' title='bbox 222 3826 299 3874; x_wconf 84' lang='lat' dir='ltr'>sistsil</span> <span class='ocrx_word' id='word_1_285' title='bbox 309 3841 403 3874; x_wconf 87' lang='lat' dir='ltr'>encore.</span> 
     </span>
     <span class='ocr_line' id='line_1_32' title="bbox 253 3919 1138 3984; baseline 0.003 -18"><span class='ocrx_word' id='word_1_286' title='bbox 253 3919 284 3967; x_wconf 86' lang='lat'>11.</span> <span class='ocrx_word' id='word_1_287' title='bbox 298 3920 407 3981; x_wconf 82' lang='lat' dir='ltr'>Quoique</span> <span class='ocrx_word' id='word_1_288' title='bbox 420 3919 444 3967; x_wconf 83' lang='lat' dir='ltr'>lu</span> <span class='ocrx_word' id='word_1_289' title='bbox 456 3919 613 3983; x_wconf 73' lang='lat' dir='ltr'>philosophie,</span> <span class='ocrx_word' id='word_1_290' title='bbox 630 3936 683 3967; x_wconf 89' lang='lat' dir='ltr'>mou</span> <span class='ocrx_word' id='word_1_291' title='bbox 698 3920 754 3968; x_wconf 76' lang='lat' dir='ltr'>rhur</span> <span class='ocrx_word' id='word_1_292' title='bbox 775 3919 884 3980; x_wconf 73' lang='lat' dir='ltr'>Ciceroni,</span> <span class='ocrx_word' id='word_1_293' title='bbox 899 3922 945 3968; x_wconf 91' lang='lat' dir='ltr'>soit</span> <span class='ocrx_word' id='word_1_294' title='bbox 958 3937 989 3968; x_wconf 93' lang='lat' dir='ltr'>un</span> <span class='ocrx_word' id='word_1_295' title='bbox 1004 3938 1063 3984; x_wconf 73' lang='lat' dir='ltr'>prus</span> <span class='ocrx_word' id='word_1_296' title='bbox 1081 3927 1112 3968; x_wconf 79' lang='lat' dir='ltr'>uis</span> <span class='ocrx_word' id='word_1_297' title='bbox 1124 3921 1138 3969; x_wconf 87' lang='lat' dir='ltr'>ii</span> 
     </span>
    </p>
   </div>
   <div class='ocr_carea' id='block_1_7' title="bbox 0 0 1186 4634">
    <p class='ocr_par' dir='ltr' id='par_1_8' title="bbox 0 0 1186 4634">
     <span class='ocr_line' id='line_1_33' title="bbox 0 0 1186 4634; baseline 0 0"><span class='ocrx_word' id='word_1_298' title='bbox 0 0 1186 4634; x_wconf 95' lang='lat' dir='ltr'> </span> 
     </span>
    </p>
   </div>
  </div>
 </body>
</html>
