2364 4634
179 697 237 754 560
461 702 498 749 D!
518 703 640 751 omens
658 706 744 753 Lim
766 708 812 757 ΙΙΙ.

173 821 322 892 grui-itatis.
337 820 401 887 Sed,
415 822 542 891 quonism
551 822 688 893 promisit,
701 823 842 884 sinaitam
854 828 885 885 in
895 830 956 889 toro
970 833 1092 906 turpedu·

172 937 226 995 eet,
250 930 391 984 honestius
410 930 564 993 mentietur,
579 928 603 985 si
615 946 649 987 ex
662 930 814 990 hereditate
831 934 906 993 nihii
921 939 1041 1011 ceperit;
1056 938 1095 995 nisi

174 1037 240 1091 inite
252 1052 312 1089 enni
331 1036 472 1107 pecuniam
490 1036 516 1088 in
540 1035 698 1107 reipublicae
716 1052 848 1109 magnum
871 1042 988 1115 aliquod
1004 1054 1095 1119 tempus

171 1144 326 1207 contulerit,
346 1152 375 1197 ut
393 1144 434 1198 vet
449 1142 549 1197 saltare
565 1159 737 1217 euin,quu1n
751 1148 852 1219 putriae
868 1154 1048 1209 consulturus
1060 1158 1094 1213 sit.

173 1257 250 1320 turpe
262 1266 313 1304 uon
327 1250 371 1303 sit.

207 1356 293 1410 XXV.
303 1355 343 1410 Ac
356 1371 389 1409 no
404 1354 448 1409 iliu
461 1356 572 1427 quidem
584 1356 717 1427 promisso
731 1360 871 1415 servanda
888 1373 968 1429 sunt,
978 1382 1041 1438 quae
1053 1384 1094 1420 nun

169 1471 232 1519 sunt
244 1464 275 1516 iis
286 1462 352 1533 ipsis
361 1461 436 1516 utilio
445 1462 598 1533 quibusittu
608 1464 774 1535 promiseris.
785 1466 833 1521 Sul
841 1468 1027 1528 Phaethonti¹
1038 1474 1092 1540 filio,

171 1581 198 1625 ut
213 1571 354 1627 redeamus
368 1571 400 1624 ad
414 1570 530 1635 inbutas,
546 1571 679 1626 iacturum
693 1587 724 1627 so
743 1586 803 1629 esse
817 1574 888 1631 dixit
901 1580 1037 1652 quidquid
1051 1598 1092 1653 op·

170 1687 266 1745 tossen
283 1679 387 1749 optavit
404 1685 434 1732 ut
450 1682 477 1731 in
497 1693 606 1732 currum
621 1679 707 1749 putris
719 1678 879 1751 ῑοΙΙειιῑιιις
901 1686 1031 1743 subintus
1045 1698 1090 1752 est,

169 1793 250 1857 atque
265 1787 384 1849 insonus,
403 1792 548 1856 antequam
563 1784 693 1853 constitit,
707 1784 765 1840 ictu
782 1786 909 1845 fulminis
927 1792 1089 1865 deflagravit.

167 1892 271 1957 Quinto
285 1889 379 1944 meiius
391 1890 476 1946 iuerat
487 1891 512 1945 in
527 1891 577 1946 hoo
588 1891 751 1963 promissum
763 1893 848 1963 patris
864 1911 922 1950 non
933 1914 994 1955 esso
1007 1914 1089 1955 servs-

168 1998 245 2051 tnni?
262 1996 344 2064 Quid,
358 1998 429 2069 quod
443 1999 563 2053 Theseus
577 1998 665 2069 exegit
678 2000 871 2069 promissuma
889 2006 1038 2077 Neptuno?
1051 2010 1088 2061 cua

166 2119 249 2173 quum
269 2111 326 2157 tres
343 2104 496 2174 optationes
516 2104 658 2175 Neptunus
676 2103 806 2170 dedisset,
829 2110 941 2177 optavit
958 2112 1087 2167 interitum

166 2208 311 2281 Hippolyti,
327 2208 374 2263 sitii
386 2208 435 2275 sui,
450 2224 533 2279 quum
548 2208 572 2263 is
587 2210 657 2280 petii
669 2216 810 2281 suspectus
824 2222 897 2267 esset
911 2216 949 2271 do
964 2233 1084 2279 noveno:

164 2454 267 2511 engage.
282 2460 306 2498 et
318 2450 343 2511 je
355 2451 417 2497 crois
431 2465 476 2512 que
494 2452 546 2499 cels
559 2454 600 2500 eut
615 2452 697 2500 niieux
708 2467 817 2500 convenu
831 2456 847 2501 is
859 2471 887 2502 sn
903 2461 1018 2520 [(ηιιὶιές
1031 2461 1086 2507 mnis

165 2551 279 2613 puisqu'il
291 2552 323 2597 l's
338 2550 436 2614 promis,
450 2552 467 2598 il
482 2552 553 2599 serait
570 2553 652 2600 misux
664 2551 693 2601 do
709 2567 828 2600 renonosr
839 2556 855 2601 in
867 2564 906 2602 oet
917 2556 1038 2624 heringe,
1050 2561 1084 2607 i'ii

164 2661 247 2700 trouve
259 2652 287 2699 de
297 2654 321 2700 in
331 2652 405 2701 liouto
415 2655 431 2700 δ
442 2656 504 2701 tenir
512 2670 538 2701 sn
549 2654 639 2717 parole,
647 2656 662 2702 ὲ
670 2652 748 2702 moino
756 2655 814 2717 qu'il
825 2670 856 2703 uo
868 2659 1085 2710 voulssteonsserei

162 2764 223 2802 cette
239 2771 329 2802 somme
347 2759 360 2802 'a
378 2756 437 2803 tirer
455 2772 482 2803 su
500 2757 577 2819 putris
596 2758 626 2804 do
644 2758 746 2819 quelque
762 2758 876 2805 ne'oessitii
894 2772 1031 2822 pressante,
1047 2779 1084 2811 cnr

162 2858 225 2905 uiuri
237 2860 253 2905 il
270 2858 377 2921 pourrsit
387 2875 442 2907 sans
455 2858 527 2907 houto
540 2859 626 2907 denset
635 2876 664 2907 on
677 2861 756 2922 pleine
769 2859 836 2922 placo
849 2848 993 2925 publiqns.¹

194 2961 274 3009 XXV.
294 2960 331 3008 On
348 2976 377 3008 ne
394 2961 445 3008 duit
461 2978 502 3024 pus
515 2978 562 3009 uon
576 2964 631 3025 pius
645 2962 708 3010 tenir
718 2963 751 3009 los
764 2976 898 3025 promesses
910 2962 972 3014 dont
985 2968 1082 3015 l’exeen·

161 3062 211 3109 tion
230 3064 304 3109 seruit
321 3063 453 3111 nuisibloit
469 3079 530 3111 ceux
550 3067 639 3111 memes
652 3065 667 3111 ὰ
680 3064 721 3125 qui
737 3080 768 3111 on
782 3063 817 3111 los
835 3064 945 3113 osuites.
967 3068 1002 3116 Le
1015 3069 1081 3119 Solu'l

160 3168 235 3229 (pour
247 3182 275 3214 on
289 3167 384 3213 revenit
397 3167 445 3214 sta
458 3167 534 3227 sablo)
549 3168 614 3214 avait
626 3168 716 3228 promis
729 3168 797 3214 isson
812 3165 851 3214 fils
870 3166 1001 3219 Phaethon
1012 3171 1040 3219 do
1050 3171 1081 3218 lui

159 3267 271 3313 secordes
290 3275 343 3314 tout
359 3282 385 3315 oo
403 3269 461 3330 qu'il
482 3267 654 3316 demundernit.
672 3266 797 3315 Phaethon
817 3265 932 3314 souhuitu
947 3269 978 3317 de
993 3282 1082 3318 montes

159 3383 201 3414 sur
215 3368 237 3415 le
248 3368 308 3415 ehnr
322 3369 350 3415 de
367 3386 409 3415 son
423 3373 490 3432 perez
505 3372 521 3417 il
534 3386 549 3432 y
563 3380 653 3425 monto,
673 3369 734 3415 mois
750 3384 781 3415 su
797 3379 905 3416 moniont
920 3372 1003 3419 meino
1017 3373 1035 3420 il
1047 3354 1088 3419 ίιιει

159 3468 241 3532 siappe
257 3470 315 3517 d'un
329 3484 391 3532 eonp
412 3471 441 3518 de
455 3471 549 3519 sundro.
566 3472 672 3521 Nem-il
691 3487 734 3535 pos
745 3473 827 3518 minut
840 3471 897 3519 volu
911 3487 974 3535 pour
993 3476 1028 3522 ini
1040 3488 1082 3537 quo

157 3586 199 3618 non
212 3573 267 3634 pero
280 3587 309 3619 ne
322 3571 360 3619 soi
371 3588 414 3635 pus
426 3573 445 3619 si
458 3573 527 3621 fidele
538 3576 553 3622 t
565 3575 626 3621 tenir
638 3590 684 3621 nno
696 3574 752 3621 tullo
764 3576 899 3637 promosset
913 3575 949 3623 Ns
963 3592 1080 3639 ponimns-

157 3689 218 3721 nous
230 3691 273 3737 pas
283 3691 311 3721 en
322 3674 374 3722 dire
386 3682 471 3722 outnnt
484 3677 512 3723 do
523 3676 582 3724 celio
595 3693 640 3739 quo
650 3677 739 3725 Theseo
747 3677 852 3725 riolnmo
866 3675 895 3724 do
906 3678 1041 3741 Neptuno?
1050 3680 1080 3728 Co

157 3772 212 3821 dieu
224 3775 259 3821 lui
271 3784 346 3837 ayant
359 3775 438 3823 donne
448 3777 507 3825 trois
518 3793 589 3825 voeux
604 3780 619 3825 is
631 3778 729 3837 former,
743 3778 833 3826 Theseo
845 3777 968 3827 domsudn
982 3783 1009 3829 lo
1020 3794 1079 3829 mort

156 3872 185 3919 do
201 3890 244 3921 son
262 3874 300 3921 fiis
319 3876 457 3938 Hippolyte,
477 3879 536 3942 qu'il
556 3881 715 3941 soupponnnit
729 3880 883 3928 d'entretunir
899 3897 933 3928 un
945 3897 1077 3930 commoneo
