2474 4694
105 758 159 816 tis
409 773 444 817 nu
465 771 584 818 orrrcns
604 773 688 820 urens
709 771 729 816 r.

104 893 193 941 autem
207 883 313 941 dulcem
323 890 351 942 et
365 885 491 955 lacerum,
504 882 646 954 festivique
656 883 799 951 sermonis,
816 889 899 956 atque
911 882 939 938 in
952 886 1029 940 omni

104 991 226 1048 oratione
239 991 433 1059 simulatorem,
446 1007 525 1062 quern
540 989 625 1062 εἴρωνα
635 986 726 1045 Graeci
739 988 958 1055 nominaverunt,
974 988 1027 1044 So·

103 1105 205 1171 cratem
217 1098 383 1170 occepimus3
401 1104 496 1154 contra
510 1096 687 1168 Pythagoram
709 1103 736 1150 et
747 1093 877 1151 Periclem
892 1109 1028 1149 summam

103 1204 290 1262 auctoritatem
305 1210 465 1260 consecutos
478 1201 536 1258 sine
553 1201 608 1256 ulla
627 1201 772 1258 hilaritate.
790 1201 925 1258 Callidum
941 1199 1027 1256 Anni·

103 1312 191 1368 halem
206 1327 239 1366 ex
256 1314 409 1378 Poenorum,
420 1326 454 1366 ex
471 1309 570 1365 nostris
584 1308 701 1363 ducibus
714 1309 746 1376 Q.
762 1308 907 1364 Maximum
924 1308 1029 1378 accepi-

104 1436 165 1474 mus
181 1436 187 1472 :
204 1418 282 1476 focile
295 1418 394 1488 celare,
416 1427 515 1485 tacere,
531 1415 714 1482 dissimulare,
731 1415 865 1482 insidiari,
880 1413 1028 1486 praeripere

104 1523 221 1581 hostiurn
238 1525 361 1581 consilia·
381 1527 411 1580 ln
430 1541 483 1596 quo
497 1541 596 1595 genere
609 1525 697 1580 Graeci
714 1521 923 1578 Themistoclem
941 1520 1026 1576 Athe-

104 1631 223 1687 niensem
231 1605 541 1687 etPheraeumJusonem'
550 1629 833 1701 oeterisanteponunt3
841 1627 1027 1698 imprimisque

104 1744 243 1791 versutum
258 1745 286 1793 et
299 1736 425 1792 rollidum
440 1735 540 1790 lectum
556 1734 743 1807 Solonis,2qui,
760 1751 815 1806 quo
829 1742 856 1790 et
873 1733 956 1790 tutior
969 1734 1025 1788 vito

102 1841 161 1911 ejus
175 1849 249 1897 esset
265 1848 293 1897 et
313 1841 374 1914 plus
388 1838 534 1911 aliquando
554 1839 709 1911 reipublice
723 1840 872 1912 prodesset,
890 1839 976 1895 lurere
996 1855 1027 1893 so

102 1946 251 2002 simulavit.

137 2052 206 2108 Sunt
218 2051 260 2106 his
269 2049 314 2107 alii
329 2050 444 2105 multum
456 2050 586 2123 dispares,
600 2049 737 2122 simplices
751 2058 779 2106 et
792 2049 889 2122 aperti,
903 2047 951 2120 qui
961 2047 1026 2104 nihil

102 2173 134 2212 ex
141 2155 257 2224 occulto,
269 2156 336 2211 nihil
348 2174 380 2213 ex
389 2157 495 2212 insidiis
503 2157 636 2229 agendum
646 2165 752 2230 putant,
761 2156 885 2212 ueritatis
895 2153 1023 2226 cultores,

102 2261 205 2320 fraudis
217 2262 329 2318 inimici.
345 2264 465 2335 itemque
479 2263 524 2318 olii
540 2264 585 2336 qui
599 2262 709 2335 quidvis
724 2263 918 2334 perpetiantur,
935 2261 1025 2317 cuivis

101 2469 143 2518 des
154 2485 245 2520 moeurs
258 2472 313 2535 plns
329 2473 445 2520 eusteres.
462 2470 545 2520 Permi
566 2471 602 2518 les
617 2469 701 2527 Greoe,
723 2468 829 2529 Socrate,
850 2486 911 2520 nous
932 2472 1024 2530 dit-on,

100 2570 160 2617 dreit
172 2570 237 2618 doux
248 2577 272 2619 et
283 2570 379 2634 enjoue,
394 2571 467 2618 d’uue
480 2569 650 2618 conversation
666 2569 833 2631 rdjouissunte
847 2579 871 2617 et
886 2570 904 2616 il
918 2570 1025 2617 nimnit'u

101 2682 126 2715 ee
145 2669 221 2716 servir
238 2667 267 2717 de
279 2683 306 2716 ce
326 2675 381 2717 tour
394 2670 528 2734 ingenioux
541 2669 583 2731 qui
597 2669 620 2716 lo
629 2667 657 2716 fit
670 2683 823 2716 surnommer
835 2668 964 2729 l'lronique.
977 2669 1025 2731 Py·

100 2764 202 2829 thogore
227 2782 258 2814 eu
278 2768 397 2815 contreire
415 2776 440 2815 et
470 2767 584 2824 Pericles.
607 2782 664 2814 sens
684 2782 764 2814 aucun
783 2767 939 2828 eujousrnent
964 2766 1026 2814 dens

101 2861 202 2925 l'eeprit,
223 2866 349 2927 nequirent
368 2879 415 2912 une
433 2863 526 2927 grands
542 2865 653 2912 sutoritd.
670 2864 738 2912 Nous
757 2879 844 2912 sununs
864 2865 973 2927 qu'entre
991 2866 1025 2912 les

101 2956 225 3018 genersnx
244 2955 420 3020 certhsginois‚
444 2957 552 3005 Annibal
572 2957 631 3004 dtsit
647 2957 671 3005 le
691 2957 746 3020 plus
762 2958 825 3014 ruse,
849 2966 872 3005 et
890 2958 968 3020 psrmi
991 2957 1026 3006 les

101 3053 191 3109 mitres,
211 3053 240 3114 Q.
264 3054 388 3102 hlsximus
407 3053 526 3102 :habiles
545 3061 599 3102 tous
614 3053 708 3103 deuxlu
726 3054 821 3111 escher,
841 3056 857 3103 h
875 3055 1024 3117 dissimulet,

101 3149 116 3194 ὶ
133 3148 225 3197 donner
237 3150 260 3197 le
271 3147 365 3212 ehsngs
383 3165 426 3198 sur
438 3150 504 3199 leurs
516 3150 632 3210 desseins,
653 3153 668 3198 ὶ
684 3150 769 3199 tendre
781 3151 822 3199 des
834 3152 1000 3213 embusosdes,
1012 3155 1025 3200 is

100 3245 210 3303 pre'venir
229 3246 263 3293 les
282 3246 353 3308 plens
371 3245 412 3294 des
425 3249 543 3295 ennemis.
560 3246 643 3296 Suros
654 3249 732 3311 point,
747 3249 782 3297 les
794 3249 869 3298 Grecs
880 3258 981 3298 meulent
993 3266 1024 3299 nu

100 3341 203 3403 premier
218 3357 280 3406 rung
291 3341 454 3391 Themistocle
471 3353 495 3392 et
505 3345 581 3394 deson
601 3344 631 3392 de
647 3345 745 3394 Ph'eres.
765 3344 804 3397 On
816 3347 863 3395 uite
880 3363 973 3396 comme
991 3363 1024 3395 un

100 3437 158 3485 trelt
173 3436 202 3485 de
224 3438 250 3486 is
263 3439 317 3503 plus
339 3438 431 3502 grande
449 3438 555 3496 huhilete
575 3441 601 3489 le
623 3458 678 3490 ruse
695 3443 724 3490 de
746 3442 830 3499 Solon.
849 3445 891 3507 qui
913 3443 1023 3493 contrellt

100 3528 216 3582 l'iusense
225 3548 286 3596 pour
297 3541 384 3582 mettre
396 3550 424 3583 so
435 3536 473 3584 vie
485 3552 515 3585 en
531 3539 610 3585 sdretd
624 3545 647 3585 et
659 3539 741 3586 mieux
754 3539 830 3586 servir
839 3554 866 3587 ss
878 3541 964 3603 petris.

133 3625 255 3684 D'eutres.
269 3638 324 3680 tout
334 3633 458 3696 opposeslu
469 3635 570 3693 cenci,
586 3642 629 3683 ont
641 3635 683 3684 des
693 3636 813 3684 monierus
828 3637 926 3701 simplos
945 3646 968 3686 et
983 3653 1026 3687 ou-

102 3730 190 3784 t·ertes;
202 3726 234 3773 ils
243 3727 337 3779 oroient
346 3729 420 3792 qu’on
433 3744 463 3777 ne
475 3729 526 3778 doit
533 3730 622 3794 jnmsis
633 3747 688 3781 user
698 3731 816 3782 d’nrtifioe
827 3734 852 3782 ui
864 3734 893 3782 de
904 3737 1025 3799 surprise;

100 3819 131 3869 ils
146 3824 237 3873 timent
252 3825 278 3874 le
294 3828 379 3890 verite,
400 3829 431 3876 ils
449 3836 492 3876 ont
510 3828 612 3879 horreur
629 3830 657 3878 de
675 3837 739 3880 toute
757 3833 893 3895 tromperie.
912 3833 1025 3881 D'sutres

99 3931 194 3982 enuere,
210 3937 270 3987 pour
282 3923 374 3972 errirer
388 3927 403 3972 t
418 3925 471 3974 leur
481 3925 534 3985 but,
554 3926 697 3976 eouuffriront
710 3935 798 3977 toutet
817 3942 844 3977 se
860 3937 976 3980 metirent
992 3945 1024 3978 su
