2474 4694
984 386 987 395 r

111 710 148 781 tl
411 730 446 774 uu
466 729 588 774 urricus
610 727 735 786 ιιιιιιιι.

109 865 186 906 usum
199 847 336 904 bominum
351 844 442 900 omnia
455 843 551 912 creari,
567 843 692 899 homines
702 848 792 898 autem
806 845 944 898 nominum
952 857 1035 899 eausa

97 916 172 1001 ¹esse
186 948 338 1014 generatos,
356 947 386 994 ut
405 938 456 1010 ipsi
476 938 546 992 inter
562 953 601 1003 se,
618 935 679 991 aliis
696 935 741 990 alii
757 935 887 1008 prodesse
903 943 1034 1007 possent:

101 1015 136 1091 ¹in
150 1037 201 1091 boe
218 1041 343 1090 naturam
365 1032 496 1087 debemus
512 1032 609 1087 ducem
629 1030 717 1102 sequi,
732 1045 891 1084 communes
904 1029 1036 1084 utilitates

109 1132 135 1186 in
151 1129 267 1184 medium
287 1128 391 1190 afferre,
408 1126 558 1182 mutatione
577 1123 735 1191 ciliciorum,
753 1122 854 1191 dando,
869 1121 1036 1195 accipiendo,

109 1229 166 1279 tum
184 1222 299 1284 artibus,
315 1227 370 1274 tum
385 1235 476 1291 opera,
494 1225 551 1273 tum
567 1217 740 1273 facultatibus
753 1216 888 1272 devincire
898 1216 1037 1271 homiuum

109 1317 186 1371 inter
195 1313 319 1370 homiues
332 1312 499 1367 societatum.

100 1442 101 1453 ι
143 1407 362 1464 Fundamentum
384 1413 425 1460 est
440 1404 556 1475 justitiae
575 1402 653 1470 fides,
668 1402 694 1457 id
710 1409 754 1458 cet
769 1403 902 1457 dictorum
917 1417 1035 1458 contem

109 1504 253 1569 torumque
264 1497 416 1552 constantia
426 1502 454 1550 et.
464 1494 574 1550 veritas.
592 1494 707 1566 Exque,
725 1508 881 1564 quanquam
895 1491 948 1548 hoo
964 1492 1037 1547 vide·

110 1595 180 1648 bitur
196 1596 309 1649 tortasse
324 1592 440 1663 cuipiam
454 1589 559 1652 durius,
580 1597 667 1644 tamen
684 1588 833 1644 audeamus
850 1586 950 1642 imitari
971 1591 1038 1641 stoi·

109 1701 166 1753 cos,
180 1685 224 1757 qui
247 1684 367 1739 studiose
388 1683 536 1752 exquirunt
559 1680 631 1735 unde
654 1679 735 1735 uerba
756 1680 812 1734 sint
830 1679 929 1744 ducta,
943 1676 1038 1733 ereda-

111 1792 231 1847 musque‚
247 1778 309 1849 quia
323 1776 369 1830 bat
381 1775 452 1846 quod
465 1775 567 1829 dictum
581 1782 632 1841 est,
650 1772 812 1845 appellatam
823 1771 903 1826 tidem
915 1772 933 1824 ¹.

144 1869 195 1924 Sed
208 1869 346 1938 injustitim
360 1883 458 1938 genera
468 1868 521 1922 duo
533 1875 597 1922 sunt
612 1885 617 1921 :
636 1883 717 1920 unum
730 1881 822 1922 eorum
838 1864 883 1936 qui
899 1863 1034 1920 inferunt.

110 1958 224 2014 alterurn
237 1975 328 2014 eorum
347 1961 393 2032 qui
410 1961 444 2015 ab
465 1959 512 2029 iis,
532 1960 631 2030 quibus
652 1958 775 2027 insertur,
798 1960 822 2015 si
843 1958 961 2032 possint,
982 1974 1035 2014 non

111 2051 269 2122 propulsant
282 2053 415 2124 injurium.
431 2054 500 2108 Nam
511 2053 558 2124 qui
573 2053 674 2122 injuste
688 2053 817 2124 impetum
835 2055 860 2107 iu
879 2054 1035 2126 quempiam

111 2143 193 2210 lacit,
213 2151 260 2200 aut
278 2146 317 2201 ira
341 2156 389 2202 aut
410 2147 502 2221 aliqua
523 2149 725 2219 perturbatione
746 2147 890 2211 incitatus,
913 2147 937 2201 is
955 2161 1036 2217 quast

110 2252 206 2291 manue
220 2238 316 2294 ullorre
338 2240 444 2294 videtur
468 2240 562 2308 eooio;
578 2242 623 2311 qui
647 2247 737 2295 aulem
760 2254 814 2293 nou
835 2237 966 2305 defendit,
984 2253 1037 2293 nec

110 2329 225 2400 obsistit,
242 2332 263 2385 si
278 2339 377 2405 potest,
394 2332 509 2403 injuriae,
524 2341 578 2388 tam
591 2339 632 2388 est
645 2332 673 2387 in
686 2332 753 2389 vitio
766 2330 883 2403 quamsi
896 2339 1034 2404 parentes.

110 2536 227 2593 hommes,
243 2546 265 2584 et
276 2551 322 2599 que
336 2538 371 2585 lee
391 2537 501 2587 hommes
519 2541 670 2586 eux-memes
689 2547 733 2586 ent
753 2539 790 2585 ete
808 2539 873 2586 erede
896 2551 958 2600 pour
970 2536 1037 2585 leura

110 2621 260 2681 semblables,
277 2622 325 2668 ullu
336 2623 409 2684 qu’ile
426 2631 525 2687 pussent
536 2622 623 2671 e’eider
643 2622 680 2670 lee
701 2637 747 2669 ιιιιι
759 2622 794 2670 lea
807 2630 901 2680 uutree3
917 2636 979 2669 noue
990 2619 1037 2667 de-

110 2719 170 2751 rone
183 2720 211 2752 en
225 2706 388 2768 celeprendre
398 2708 422 2755 le
439 2717 525 2755 nature
535 2723 597 2771 pour
609 2705 692 2769 guido,
706 2715 791 2754 mettre
803 2721 833 2753 en
848 2720 962 2754 commun
981 2712 1037 2753 tous

111 2802 155 2835 ιιοι
167 2795 297 2853 uvuotegee
318 2805 360 2853 per
383 2806 416 2837 uu
435 2806 568 2839 commemo
590 2792 731 2855 reciproque
749 2791 778 2838 de
796 2791 857 2838 boue
869 2788 957 2847 officee,
970 2789 1036 2836 eueni

111 2877 241 2934 cmpressee
253 2877 268 2919 b
278 2873 370 2921 donner
383 2875 439 2935 qu'd
454 2877 568 2933 receuoir,
589 2877 729 2938 employeut
745 2890 789 2922 nos
802 2875 899 2931 talenta,
916 2883 986 2921 notre
997 2874 1036 2922 in·

112 2956 213 3012 dtrstrie.
226 2964 296 3004 notre
307 2957 402 3006 fortune
413 2962 427 3006 iu
439 2976 555 3008 resserrer
565 2962 601 3008 les
612 2962 674 3008 liene
684 2960 713 3007 de
722 2961 747 3008 le
761 2961 848 3007 eocie'tei
860 2959 986 3006 humeine.

144 3040 177 3088 Le
191 3039 328 3089 loudemeut
343 3041 371 3089 de
383 3044 407 3089 ln
417 3044 505 3105 justice
517 3054 553 3092 est
565 3045 589 3092 lu
601 3045 681 3092 bonne
698 3044 741 3100 fot,
754 3042 906 3091 dest-edire
920 3043 944 3089 la
956 3042 1035 3089 uince'-

112 3126 156 3172 rice
168 3123 230 3172 dune
243 3140 280 3173 ree
290 3127 383 3189 perolee
394 3136 418 3175 et
432 3129 456 3174 la
469 3127 558 3176 lide'lite
570 3131 585 3175 t
598 3145 634 3175 ιιιι
650 3137 833 3191 engagemente.
845 3127 955 3189 Quoique
964 3135 1036 3190 peut·

112 3211 162 3256 ttre
171 3210 223 3256 cele
237 3211 341 3273 paruisse
353 3228 384 3259 un
401 3228 445 3274 peu
459 3212 533 3263 soree'.
547 3227 619 3258 osone
631 3213 712 3259 imiter
723 3213 758 3260 lea
775 3213 897 3270 etoioiene,
911 3212 951 3273 qui
965 3211 1037 3259 cher·

112 3294 185 3343 chent
203 3311 260 3344 aueo
279 3298 332 3344 eoin
351 3297 516 3359 l'e'tymologie
533 3295 561 3343 de
577 3296 669 3359 chaque
682 3308 767 3359 terme,
787 3309 810 3346 et
826 3313 929 3362 croyone
943 3313 989 3359 que
1005 3301 1038 3358 {oi

114 3380 179 3425 vient
191 3379 219 3425 de
231 3382 295 3438 seire,
311 3396 380 3443 puuce
395 3382 468 3442 qu'on
484 3381 528 3427 suit
539 3395 566 3426 ee
578 3380 652 3442 qu'ou
665 3397 680 3428 ιι
692 3382 736 3430 dit.

147 3462 229 3522 Qrtent
240 3465 255 3509 b
265 3464 405 3525 l'injustice,
423 3466 441 3511 il
451 3480 467 3526 y
478 3480 507 3512 en
520 3480 534 3510 a
546 3463 574 3510 de
587 3464 650 3512 deux
662 3475 736 3514 rortea
748 3485 755 3514 ι
770 3468 845 3527 l’une,
857 3467 917 3516 celle
928 3483 974 3531 que
986 3469 1036 3517 l'on

115 3545 158 3593 luit
176 3547 328 3603 eoit·mdme;
347 3547 443 3604 l'uutre,
464 3548 524 3595 celle
545 3563 591 3611 que
611 3549 659 3597 l'ou
684 3551 822 3614 n’empbche
843 3567 886 3614 pce
905 3552 988 3615 quand
1004 3569 1036 3602 on

115 3629 223 3693 pourrnit
239 3630 275 3692 u'y
294 3645 403 3693 opposer.
418 3634 536 3695 Attaqner
554 3633 712 3696 injustement
729 3651 761 3682 uu
782 3637 811 3682 de
826 3651 863 3682 ιιι
882 3635 1036 3698 semblables,

115 3728 157 3775 pur
175 3728 209 3760 un
227 3721 381 3761 mouuement
399 3713 429 3761 de
446 3715 524 3763 colere
541 3733 572 3764 ou
593 3717 621 3765 de
639 3720 740 3781 quelque
760 3728 828 3766 outre
849 3720 960 3781 passion,
979 3718 1037 3765 c'eet

114 3813 206 3848 oomme
221 3799 241 3846 ei
260 3798 309 3847 l’on
329 3798 418 3862 portait
436 3800 460 3846 lu
479 3801 545 3848 nruin
564 3818 605 3850 eur
622 3818 664 3851 son
683 3802 790 3860 ιιιοοίὁς
809 3818 839 3850 ne
855 3818 897 3866 pue
911 3802 1038 3867 emptcher

119 3896 166 3929 une
177 3882 290 3946 injustice
302 3883 382 3946 quand
394 3900 424 3934 on
444 3886 466 3934 le
479 3895 542 3950 peut,
558 3888 616 3938 e'eet
626 3903 718 3938 comme
730 3888 751 3937 ei
762 3887 811 3938 l'on
824 3887 988 3938 ebeudonneit
999 3904 1036 3937 ιιι
