2474 4694
267 39 1108 295 μ

200 338 202 343 “
587 344 590 355 r
793 338 798 353 Ι

336 386 338 393 ι

100 746 155 815 12'0
408 764 448 813 ns
468 763 588 813 orrrcus
608 763 691 811 urrsr
712 763 733 809 r.

107 882 217 938 fortuna
233 880 319 949 feriat,
335 888 363 936 et
382 895 436 951 quo
450 880 540 935 minus
554 879 646 935 multis
665 877 747 935 rebus
768 886 861 949 egant;
879 885 907 934 et
921 880 995 951 qnia,
1009 880 1031 934 si

109 980 173 1054 quid
186 979 294 1037 adversi
306 978 423 1045 eveniat,
436 984 491 1032 tam
507 978 628 1049 graviter
640 977 736 1033 cadere
749 993 801 1033 non
816 985 939 1048 possunt..
956 978 1030 1046 Quo·

4 1084 7 1089 '
108 1077 180 1135 cirea
193 1092 245 1132 non
263 1077 322 1132 sine
336 1090 421 1131 causa
441 1076 557 1146 majores
575 1081 663 1130 motus
682 1075 832 1130 animorum
850 1069 1029 1135 concitantur,

108 1173 266 1244 majoraque
279 1171 421 1228 efficienda
435 1171 631 1244 rempublicam
646 1170 803 1242 gerentibus
817 1186 897 1241 quam
910 1169 1029 1241 quietis;

106 1286 163 1344 quo
176 1269 262 1341 magis
276 1269 318 1325 bis
331 1275 359 1326 et
372 1269 527 1341 magnitudo
542 1269 624 1324 animi
637 1275 679 1324 est
690 1267 853 1334 adhibenda,
870 1272 897 1322 et
911 1268 1032 1322 vacuitas

108 1363 144 1421 ab
155 1364 309 1436 angoribus.
320 1363 362 1421 Ad
375 1380 432 1419 rem
444 1363 591 1436 gerendam
601 1374 690 1421 autem
704 1364 749 1435 qui
764 1362 876 1429 accedit,
890 1370 985 1418 caveat
999 1381 1032 1418 ne

108 1459 137 1516 id
152 1460 230 1516 modo
250 1458 413 1526 consideret,
429 1476 510 1532 quam
525 1459 570 1515 illa
593 1476 637 1517 res
654 1460 767 1516 honesta
783 1460 827 1527 sit,
842 1458 889 1514 sed
908 1460 988 1514 etiam
1003 1468 1032 1514 ut

107 1551 209 1612 babeat
222 1555 358 1612 efficiendi
377 1556 542 1611 facultatem.
556 1556 586 1610 ln
606 1571 661 1624 quo
674 1555 733 1626 ipso
746 1553 972 1610 considerandum
988 1563 1031 1610 est

108 1670 143 1710 ne
155 1660 204 1710 aut
219 1660 321 1710 temere
332 1655 458 1727 desperet
472 1662 582 1726 propter
596 1655 743 1727 ignaviam,
759 1662 805 1712 aut
819 1654 900 1709 nimis
914 1654 1032 1709 confidat

108 1751 415 1826 proptercupiditatem.
433 1752 463 1806 ln
477 1751 605 1807 omnibus
624 1758 714 1808 autem
734 1753 860 1824 negotiis,
873 1754 1032 1824 priusquam

108 1846 275 1920 aggrediare,
288 1846 440 1903 adhibenda
455 1853 498 1903 est
509 1848 672 1920 praeparatio
684 1847 809 1918 diligens.

142 1945 232 2000 xxm.
246 1945 311 2013 Sed,
322 1960 406 2017 quum
419 1943 540 2017 plerique
556 1944 721 2001 arbitrentur
734 1962 777 2000 res
791 1945 904 2001 bellicas
919 1946 1033 2015 majores

108 2054 265 2111 essequam
280 2039 416 2107 urbanas,
434 2040 583 2096 minuenda
601 2047 644 2096 est
662 2041 719 2097 baec
737 2040 836 2112 opinio.
860 2041 933 2097 Multi
960 2042 1031 2096 enim

109 2137 179 2193 bella
196 2153 271 2211 saepe
281 2138 447 2210 quaesierunt
461 2146 571 2211 propter
587 2137 679 2209 glorias
695 2137 890 2210 cupiditatem
906 2147 988 2209 atqnc
1007 2139 1033 2194 id

108 2233 137 2294 iu
151 2234 257 2307 magnis
278 2234 375 2292 animis
398 2234 568 2309 ingeniisque
591 2233 751 2306 plerumque
774 2235 922 2307 contingit,
946 2251 1032 2308 eoque

109 2440 139 2489 de
151 2439 177 2488 la
192 2437 299 2497 fortune,
317 2445 341 2487 et
361 2436 434 2500 qu’ils
455 2445 498 2485 ont
514 2438 571 2486 bien
585 2438 665 2486 moins
680 2438 710 2486 de
727 2438 824 2486 heroine
837 2455 844 2485 ι
857 2438 908 2487 s'ils
919 2440 1034 2490 viennenr

109 2533 232 2583 d’ailleurs
242 2534 382 2595 heprourer
391 2531 494 2594 quelque
507 2529 625 2594 disgrllce,
637 2531 668 2579 ils
679 2547 709 2580 ne
722 2533 829 2580 tombent
841 2549 883 2597 par
893 2532 922 2580 da
933 2536 952 2581 si
963 2534 1031 2582 buut.

109 2627 129 2677 tt
144 2635 180 2676 est
192 2627 255 2676 donc
267 2634 320 2676 tout
330 2626 426 2674 naturel
438 2640 485 2687 que
495 2640 557 2673 ceux
572 2625 613 2687 qui
625 2632 681 2673 sont
694 2625 743 2672 hle
755 2629 802 2675 tete
815 2627 844 2674 de
856 2628 881 2674 lc
893 2628 1033 2690 republiqne

109 2720 241 2785 dprourent
251 2719 291 2767 des
300 2719 420 2767 emoriens
428 2717 483 2781 plus
495 2716 569 2765 sortes
580 2732 627 2780 qne
637 2733 698 2765 ceux
707 2719 750 2781 qni
763 2722 844 2768 virent
854 2719 913 2767 darre
925 2721 947 2767 le
954 2736 1030 2783 repes,

107 2813 237 2881 puisqu'ils
249 2818 293 2860 ont
303 2811 332 2859 de
346 2812 400 2874 plns
413 2810 517 2873 grandes
534 2809 618 2857 choses
632 2811 647 2857 h
665 2809 735 2858 faire.
747 2810 781 2859 Ils
796 2821 839 2860 ont
855 2812 966 2860 d'eutant
978 2815 1033 2876 plns

109 2905 192 2952 besoin
206 2903 354 2967 d'uppelerh
369 2905 423 2950 leur
439 2902 492 2950 uide
509 2903 534 2950 la
547 2901 674 2965 gruudeur
684 2902 762 2951 d'dme
775 2911 799 2952 et
813 2904 842 2952 de
854 2920 879 2952 se
891 2912 975 2953 mettre
987 2921 1033 2951 an-

109 2998 193 3044 dessnr
204 2997 233 3045 de
241 2996 360 3045 touteslas
368 2993 618 3055 unxie'tes.Quandon
626 3001 693 3043 entre
705 2994 917 3059 danslesemplois
928 2997 1031 3060 publius,

110 3101 136 3136 ec
148 3088 211 3136 n’est
227 3103 270 3151 pas
280 3102 347 3136 assez
360 3088 388 3135 de
402 3087 540 3135 consideret
551 3088 661 3135 combien
677 3087 699 3134 le
710 3088 755 3136 but
770 3097 806 3136 est
815 3088 935 3146 bonneteq
952 3088 969 3136 il
982 3090 1034 3137 sunt

112 3180 163 3228 roir
173 3181 236 3227 aussi
250 3181 269 3227 si
280 3181 330 3228 l'on
340 3194 355 3226 a
366 3179 400 3226 les
410 3194 510 3243 moyeus
521 3177 562 3241 d'y
572 3178 699 3235 atteindre,
713 3188 745 3237 et,
758 3195 800 3228 sur
809 3196 836 3228 ce
848 3180 925 3243 point,
939 3196 970 3227 ou
984 3182 1034 3228 sera

111 3273 165 3321 bien
178 3272 277 3320 d’e'riter
296 3272 432 3336 e'gulemeut
447 3273 470 3320 le
487 3272 689 3334 de'courugement
700 3288 746 3336 que
757 3273 854 3338 produit
869 3274 893 3320 la
906 3288 999 3336 parasse
1011 3283 1034 3322 et

111 3364 136 3411 la
145 3365 306 3427 presomption
319 3365 450 3428 qn'inspire
465 3363 612 3412 l'cmbitiou.
628 3364 708 3422 Enfin,
722 3380 751 3414 err
765 3372 843 3413 toules
856 3364 948 3421 choses,
962 3373 1035 3412 urant

111 3456 314 3520 d'entreprendra,
329 3474 360 3507 on
371 3458 423 3507 doit
434 3474 459 3507 se
469 3460 581 3522 pre'purer
591 3473 648 3505 arec
659 3459 721 3506 soiu.

144 3548 225 3599 xxtt.
244 3549 276 3598 Le
292 3565 406 3598 commun
424 3549 465 3599 des
481 3549 591 3597 hommes
603 3550 688 3598 estime
703 3565 749 3612 que
765 3550 801 3597 les
815 3548 921 3613 grandes
937 3549 1032 3597 actions

111 3644 240 3693 militaires
250 3650 306 3691 sont
316 3645 370 3691 bien
383 3643 514 3691 audemus
525 3643 567 3691 des
578 3642 682 3707 grandes
695 3642 788 3691 actious
800 3643 901 3700 civiles,
917 3643 975 3690 c'est
987 3657 1035 3689 une

112 3735 210 3798 opinion
227 3749 275 3797 que
292 3750 353 3782 nous
367 3733 457 3782 decons
476 3734 590 3783 detruire.
609 3736 675 3784 Tant
694 3736 830 3784 d'bommes
850 3752 879 3783 en
894 3735 949 3783 edet
966 3737 1035 3783 n'ont

112 3829 240 3881 recherche
252 3831 277 3877 lu
286 3844 374 3894 guerre
388 3844 434 3892 que
445 3845 519 3893 parce
533 3831 605 3893 qn'ils
617 3832 749 3894 aspiraient
759 3834 772 3879 ir
784 3832 808 3879 la
819 3832 911 3896 gleire!
928 3840 951 3878 et
969 3831 1030 3878 d'or-

112 3924 205 3973 diuaire
216 3939 243 3973 ce
255 3934 311 3974 seut
327 3924 363 3972 les
374 3924 478 3990 grandes
490 3928 563 3987 fimes,
578 3932 675 3976 surtout
689 3924 763 3975 celles
780 3927 819 3988 qui
831 3931 874 3974 ont
889 3925 911 3972 lo
927 3924 1028 3989 ginieet
