2364 4634
70 39 828 301 -Η

416 737 471 784 oss
491 736 624 794 nsvons,
648 739 733 785 ιιιιιι
753 741 775 785 ι.
999 727 1056 784 199

122 852 151 900 tn
164 857 290 920 republica
302 858 388 908 rhene.

123 921 163 970 lta
174 921 225 971 fero

124 988 210 1037 officis
219 990 377 1053 reperientur,

124 1070 204 1116 quum
219 1069 342 1118 quaretur

124 1120 187 1183 quid
203 1119 295 1179 deoest.

125 1196 151 1234 et
164 1186 225 1249 quid
237 1191 270 1238 sit
280 1196 363 1253 sptum

123 1255 244 1316 personis.
259 1259 421 1321 temporibus,

125 1321 249 1368 oetstibus.

128 1387 172 1435 Est
186 1396 268 1435 sutem
281 1389 342 1438 nihil

125 1452 192 1514 quod
200 1453 283 1502 deceat
294 1463 355 1514 tum,
431 1512 433 1516 ¹

126 1534 201 1580 quum
213 1534 309 1569 servare
319 1523 481 1570 coustuntlnrn

126 1586 151 1632 in
164 1586 268 1634 omnine
279 1588 385 1651 gerenda

125 1652 277 1714 consilioque
290 1654 417 1718 cupiendo.

158 1717 263 1767 XXXV.
275 1719 320 1768 Sed
336 1723 449 1784 quonium

124 1783 189 1831 illud
199 1784 312 1834 decorum

124 1851 234 1899 cernitur
246 1851 271 1899 in
283 1853 397 1901 omuibus
412 1853 483 1901 lectis

124 1926 149 1963 et
161 1916 241 1972 dinis.

125 1981 230 2046 deniquo
240 1986 266 2032 iu
280 1993 350 2032 motu

124 2061 149 2095 er
159 2059 223 2098 ststu
235 2052 351 2114 corporis,

123 2114 198 2178 idque
210 2128 247 2164 est
259 2119 364 2179 positum

124 2182 150 2227 in
165 2183 245 2230 tribus
256 2183 334 2240 rebus,

124 2246 283 2303 formositate.
299 2248 393 2308 ordine,

124 2325 213 2362 ornatu
226 2326 281 2378 epto
293 2316 323 2362 ud
334 2317 462 2370 actionem.

123 2379 265 2429 difficilibus
274 2381 303 2428 sd
309 2382 479 2443 eloquendum,

124 2448 151 2492 in
164 2446 202 2494 his
214 2458 295 2495 sutsm
306 2449 386 2496 tribus

123 2514 262 2562 continetur
272 2515 346 2562 stium
358 2514 401 2562 ille
411 2528 479 2573 cure,

125 2586 152 2624 nt
168 2580 299 2640 probemur

124 2645 154 2691 iis
165 2647 309 2707 quibuscum

124 2711 189 2774 apud
200 2727 308 2775 quosque
319 2714 442 2773 vivemus,

125 2793 202 2837 peuce
213 2778 327 2828 dicentur

124 2843 152 2890 de
163 2843 202 2891 his
211 2847 282 2893 rebus
293 2861 395 2908 quoque.

155 2909 289 2974 Principio,

124 2985 212 3025 nutura
224 2978 278 3041 ipss

124 3043 217 3091 videtur
229 3043 342 3093 habuisse

123 3124 239 3170 maguum
252 3113 370 3159 rationem

122 3177 200 3224 nostri
209 3179 317 3240 corporis
330 3193 336 3222 e

122 3257 177 3304 qute
190 3246 270 3306 posuit
280 3246 306 3291 ln
316 3248 430 3305 promptu

123 3319 230 3357 nostrum
248 3311 361 3361 formem.

122 3376 288 3438 reliquamque
297 3376 413 3438 ligurum,

123 3456 175 3488 cern
189 3442 214 3489 in
224 3459 273 3504 qus
282 3451 344 3490 esset

123 3510 212 3570 species
225 3509 343 3566 honestu3

123 3576 230 3622 contexit
241 3586 322 3623 nutem

124 3651 195 3703 utque
206 3642 301 3689 abdidit

124 3720 163 3754 eas
173 3717 251 3769 partes
262 3708 378 3771 corporis,

124 3787 177 3833 quae
190 3773 252 3821 (latre

125 3838 155 3884 ud
168 3842 331 3887 necessitatem
344 3848 446 3899 nutum,

125 3906 245 3954 habiturn·
252 3915 330 3955 essent
340 3906 480 3969 adspectum

516 859 576 906 dens
588 875 636 906 une
652 860 792 923 republique
803 860 937 926 dtrsughre.

514 926 584 973 Ainsi
597 928 734 989 't-peuprhs

513 991 546 1039 les
559 993 652 1040 devolrs
666 1001 748 1040 serent
759 993 865 1053 trouvls,

512 1058 634 1121 lorsqu'cn
646 1058 775 1107 cherchoro

512 1127 591 1184 quelle
602 1124 673 1172 chose
685 1126 806 1181 convient,

510 1200 534 1236 et
545 1192 623 1252 quelle
634 1190 704 1239 chose
714 1203 750 1238 est
762 1207 848 1255 propre

510 1271 559 1303 uux
579 1273 717 1318 personnes,
731 1274 780 1307 eux
792 1267 877 1322 temps.

510 1338 558 1369 eux
570 1326 635 1385 figes.

510 1388 544 1436 Or
556 1390 573 1436 il
586 1391 627 1451 n'y
639 1391 716 1437 anien

508 1456 549 1516 qui
568 1457 702 1503 couvionne
714 1463 809 1514 autent,

509 1536 555 1582 qne
567 1522 595 1567 de
609 1522 696 1585 garder
708 1523 733 1571 lu
743 1531 871 1570 constance

510 1588 569 1634 dans
577 1596 643 1636 toute
654 1588 726 1636 chose
737 1589 823 1637 hl'uiro

509 1665 531 1700 et
544 1663 604 1701 toute
618 1655 750 1703 resolution
765 1654 899 1718 hprendre.

541 1720 644 1769 XXXV.
664 1722 726 1770 hlais
738 1723 839 1786 puisque

508 1795 568 1834 cette
578 1787 678 1835 decenos

509 1867 533 1899 se
545 1855 593 1900 voit
604 1854 664 1901 dens
676 1861 754 1901 tontes
766 1853 802 1901 les
812 1854 906 1902 actions

508 1926 531 1964 et
542 1919 576 1966 les
588 1921 688 1981 paroles,

508 1984 573 2033 enfin
587 1985 649 2034 dans
661 1988 683 2035 le
693 1994 848 2035 mouvement

508 2061 531 2096 et
543 2052 664 2100 l'uttitude
677 2052 710 2099 du
722 2067 802 2116 corps,

508 2126 587 2178 etque
604 2130 664 2166 cetto
677 2121 766 2167 decence
782 2128 818 2167 est
829 2120 916 2168 dteblle
928 2119 1051 2184 (consiste)
1127 2169 1132 2184 ,

508 2182 568 2229 dnns
580 2186 639 2231 trois
653 2185 746 2239 choses.

508 2249 531 2295 ln
542 2253 623 2309 grtce,
640 2250 664 2296 le
677 2250 817 2313 regularitd,

507 2314 529 2360 le
541 2325 647 2362 costume
657 2331 743 2378 propre
752 2320 766 2363 h
777 2317 886 2374 l'setiou,

507 2380 590 2427 choses
603 2380 714 2429 difficiles
723 2386 737 2429 h
749 2383 884 2445 cxprimer.

508 2461 553 2507 que
566 2447 725 2509 d'uutre-part
741 2448 801 2495 dens
812 2464 850 2495 ces
862 2449 922 2498 trois
933 2447 1018 2497 choses

507 2521 544 2559 est
555 2522 659 2560 contenu
671 2515 736 2560 aussi
750 2531 776 2561 ce
787 2515 850 2574 scin,

506 2594 552 2640 que
564 2596 624 2626 nous
634 2595 723 2642 soyons
737 2582 870 2644 upproures

508 2647 537 2691 de
549 2661 608 2692 ceux
617 2661 674 2693 avec
687 2647 728 2707 qui

507 2720 531 2758 et
545 2712 602 2759 ehcz
615 2713 656 2773 qui
670 2728 731 2758 nous
746 2712 837 2770 vivens,

507 2793 553 2838 que
565 2779 679 2839 quelques
690 2788 748 2825 moto
762 2780 839 2827 solent
850 2779 898 2827 dits

507 2860 549 2890 sur
559 2861 597 2891 ees
609 2844 692 2892 choses
700 2846 774 2893 aussi.

541 2910 655 2970 D'nbmd,

506 2977 531 3023 ls
544 2987 630 3024 nature
641 2978 775 3026 elle-mtme

506 3044 596 3090 semble
607 3044 675 3090 nvoir
685 3059 715 3091 eu
727 3045 803 3107 (tenu)

506 3110 585 3170 grand
599 3119 692 3172 compte

506 3175 535 3222 de
547 3185 616 3223 notre
628 3192 716 3239 corps:

506 3245 546 3287 etto
558 3243 598 3304 qni
615 3244 707 3304 nplecd
719 3257 749 3290 en
760 3242 873 3291 evidence

505 3316 574 3354 notre
586 3309 676 3369 vierge,

505 3382 529 3420 et
541 3374 562 3420 le
573 3375 674 3421 reste-de
686 3375 831 3438 t’exttrieur,

505 3440 567 3487 celui
582 3456 610 3486 en
626 3442 668 3502 qui
680 3442 741 3487 dtait

506 3522 552 3552 une
564 3521 697 3568 uppnrence
709 3507 826 3566 Ιιοιιιιὲιις

506 3575 567 3619 mnis
578 3590 592 3618 ιι
603 3583 702 3620 convert

504 3648 528 3685 et
542 3657 555 3685 n
567 3639 640 3686 cache

505 3721 542 3751 ces
555 3707 642 3767 parties
654 3704 686 3750 du
696 3719 773 3767 corps,

506 3771 632 3832 lesquelles
645 3771 748 3818 doune'es

506 3853 566 3898 pour
577 3839 600 3883 ln
613 3839 727 3884 necessitd
743 3836 771 3883 de
784 3836 809 3884 lu
818 3842 914 3890 nnlure,

506 3906 615 3951 :urruicnt
625 3920 654 3949 cu
669 3919 700 3949 ιιιι
712 3912 792 3964 aspect
