2474 4694
103 807 160 863 250
402 814 438 860 ba
459 814 577 861 ossicus
597 814 679 861 nisan
700 817 722 861 ι.

102 938 132 986 ut
144 929 217 985 dictu
229 943 338 1001 quoque
351 927 496 985 uideantur
516 928 615 1001 turpia.
637 930 703 985 llaea
723 929 805 1001 igitur
820 946 874 985 nun
891 931 1024 1004 suscipiet

101 1024 245 1096 quisquam
257 1020 414 1093 reipublicae
428 1037 525 1084 causa;
542 1036 576 1077 us
599 1036 641 1077 res
661 1021 769 1093 quidem
789 1022 896 1094 publica
920 1040 970 1095 pro
995 1040 1024 1078 se

101 1116 199 1189 suscipi
212 1113 297 1170 volet.
307 1115 361 1171 Sed
376 1115 427 1170 hoc
436 1113 605 1170 commodius
618 1129 648 1168 ss
661 1130 705 1168 res
722 1114 811 1183 habet,
825 1117 898 1187 quod
912 1132 965 1169 non
979 1132 1025 1187 po·

102 1215 156 1265 test
167 1207 290 1264 accidere
301 1213 408 1279 tempus
422 1215 453 1262 ut
466 1206 571 1263 intersit
585 1206 741 1280 reipublicae
756 1209 904 1282 quidquam
918 1208 1025 1264 illorum

102 1302 364 1372 laceresapientem.

137 1400 226 1468 Quare
240 1399 291 1455 hoe
303 1396 414 1470 quidem
424 1398 547 1453 ellectum
562 1398 607 1465 sit,
621 1397 648 1452 iu
662 1397 759 1453 officiis
771 1398 921 1469 deligendis
932 1397 959 1453 id
976 1415 1025 1470 ge-

101 1510 152 1550 nus
163 1492 313 1549 officiorum
327 1489 467 1559 excellere,
491 1490 562 1562 quod
583 1498 708 1546 teneatur
726 1491 864 1546 hominum
884 1492 1023 1547 societate.

102 1586 207 1642 Etenim
244 1582 425 1655 cognitionem
450 1584 675 1658 prudentiamque
700 1595 830 1657 sequetur
856 1585 1026 1642 considerata

103 1679 183 1736 actio.
206 1681 245 1735 lta
268 1678 298 1733 lit
318 1685 348 1732 ut
367 1692 446 1748 agere
459 1678 630 1733 considerate
646 1678 732 1750 pluris
753 1680 788 1734 sit
813 1695 893 1749 quam
908 1680 1026 1750 cogitare

102 1773 260 1848 prudenter.
292 1773 382 1843 Atque
405 1772 464 1827 luas
492 1772 602 1843 quidem
643 1772 781 1827 hactenus.
808 1773 959 1828 Patefactus
986 1779 1026 1827 est

103 1866 175 1922 enim
199 1866 274 1920 locus
295 1865 362 1937 ipse,
379 1870 409 1917 ut
433 1865 537 1921 nonsit
555 1863 664 1920 dilficile
690 1866 717 1920 in
743 1866 908 1938 exquirendo
926 1864 1023 1933 officie,

103 1954 174 2029 quod
189 1956 288 2027 cuique
301 1956 338 2009 sit
351 1956 577 2028 praeponendum,
598 1956 699 2013 videre.
721 1960 749 2013 ln
772 1960 833 2031 ipsa
851 1966 939 2013 aulem
955 1974 1027 2012 com·

103 2051 234 2107 munitate
248 2055 313 2104 sunt
322 2049 422 2122 gradus
436 2049 595 2120 officiorum,
611 2068 643 2106 ex
659 2054 758 2126 quibus
770 2055 833 2126 quid
845 2055 942 2125 cuique
955 2069 1027 2124 prae-

102 2148 157 2200 stet
168 2140 280 2212 intelligi
293 2140 402 2213 possit:
419 2148 449 2196 ut
463 2142 549 2214 prima
561 2143 614 2198 diis
629 2143 832 2212 immortalibus,
849 2147 969 2200 secunda
979 2160 1027 2218 pa·

100 2238 1027 2315 irimbertusparentibus,deincepsgradatimreliquisdebeantun.

104 2336 208 2405 Quibus
218 2351 252 2391 ex
261 2330 346 2395 rebus
353 2332 477 2392 breuiter
487 2334 635 2408 disputatis
646 2334 863 2409 intelligipotest
873 2352 927 2394 non
939 2338 1027 2395 solum

103 2585 149 2635 qus
159 2569 185 2633 js
199 2566 321 2630 rongirnis
333 2565 363 2613 de
381 2566 417 2613 les
429 2573 563 2629 supportet.
574 2563 613 2616 On
633 2582 663 2614 ne
676 2567 710 2614 les
722 2567 772 2614 fera
790 2566 852 2614 donc
861 2568 951 2629 jnmais
966 2583 1026 2630 pour

104 2661 130 2709 ls
140 2658 294 2722 rdpubliqu03
304 2657 394 2719 jsmsis
407 2656 532 2704 d'aillenrs
546 2658 571 2704 la
587 2656 727 2719 rdpublique
747 2672 778 2704 ns
795 2657 887 2704 voudru
905 2658 977 2720 qu'on
993 2658 1027 2704 les

106 2749 167 2795 issae
179 2762 240 2810 pom·
248 2745 302 2794 elle.
315 2746 350 2793 La
359 2754 445 2794 ustura
457 2761 486 2793 en
499 2746 576 2793 abien
590 2747 670 2793 mieux
683 2746 807 2795 ordonne':
822 2747 840 2794 il
852 2763 883 2795 ne
892 2755 949 2810 peut
960 2748 1028 2810 point

104 2851 129 2884 ss
140 2836 260 2898 pre'senter
271 2834 300 2880 ds
311 2833 475 2880 circonstance
490 2834 522 2879 oin
535 2832 552 2879 il
563 2830 609 2879 soit
619 2832 679 2878 utils
691 2832 739 2879 ils
750 2835 826 2895 patrie
835 2834 911 2895 qu'un
923 2833 1029 2880 henneis

105 2924 201 2972 homme
213 2938 238 2969 se
247 2919 390 2969 dishonors·

138 3013 199 3062 llest
211 3010 389 3058 doneeonstuut
397 3025 451 3072 que,
464 3007 546 3072 quand
555 3009 572 3056 il
584 3024 638 3057 sera
648 3009 759 3071 question
768 3008 795 3057 de
806 3009 1029 3058 sediterminersnr

106 3101 229 3151 diffe'n·snts
242 3100 346 3157 devoirm
366 3114 397 3148 on
410 3098 483 3147 deiru
493 3097 598 3161 preie'rer
609 3112 671 3145 ceux
683 3100 723 3162 qui
734 3106 793 3146 voni
805 3115 836 3146 nu
847 3100 901 3147 bien
915 3099 943 3147 de
955 3101 980 3147 la
989 3116 1029 3148 so-

106 3189 298 3241 eidtehumnine.
310 3188 365 3237 Une
373 3189 517 3249 actionsnge
527 3186 697 3235 devantitrele
707 3190 808 3236 resultat
821 3188 849 3235 de
861 3196 926 3236 tonte
937 3189 1030 3236 sciense

108 3280 168 3329 atde
179 3286 247 3327 toute
257 3276 386 3342 prudsnee‚
402 3269 578 3324 conclusus-en
592 3277 651 3339 qu'il
667 3285 725 3324 snut
738 3279 819 3325 mienx
841 3278 896 3325 bien
913 3278 973 3324 inire
984 3293 1029 3340 qun

108 3368 163 3417 bien
176 3367 264 3431 parler.
279 3365 378 3413 Maisan
391 3364 705 3428 voille-assessurcesnjet3
728 3366 745 3413 il
760 3382 789 3413 ne
801 3381 854 3413 seru
864 3382 907 3429 pas
921 3365 1025 3417 difficile.

110 3454 211 3518 sptbsee
220 3467 266 3515 que
275 3466 337 3499 nous
348 3465 423 3498 avons
433 3450 477 3507 dit.
492 3450 521 3498 ‹ls
538 3451 627 3499 choisir
637 3462 704 3500 entre
713 3452 754 3500 des
765 3452 859 3500 devoirs
870 3452 1001 3511 diffitente,
1008 3460 1031 3501 nt

111 3541 140 3589 de
153 3541 288 3604 distinguer
307 3538 386 3603 lequel
404 3538 456 3588 doit
466 3532 516 3587 dure
531 3540 622 3602 pre'se'rsi
634 3557 684 3590 aux
700 3550 789 3589 austres.
808 3543 871 3590 llinis
884 3550 951 3589 entre
971 3559 1032 3589 eeux

111 3636 200 3680 memes
211 3630 252 3692 qui
266 3628 395 3693 regardent
407 3628 431 3675 lu
443 3629 531 3676 sociem·
544 3628 665 3689 liumnine,
680 3630 697 3677 il
712 3646 728 3693 y
740 3645 755 3677 a
767 3630 889 3678 dilldrents
903 3631 995 3693 demis,
1010 3643 1032 3677 et

111 3719 130 3768 il
138 3727 175 3767 est
189 3717 286 3766 evident
298 3732 359 3780 pour
374 3723 428 3764 teuit
438 3717 461 3764 Ie
472 3717 559 3765 monde
573 3733 619 3779 qne
628 3734 654 3766 se
667 3733 713 3780 que
725 3734 786 3765 nons
798 3718 887 3765 desons
899 3735 947 3765 aux
960 3719 1032 3765 ‹lieux

112 3807 245 3859 immortels
263 3821 331 3871 pesse
345 3818 419 3853 nuent
438 3814 504 3865 tenu
518 3821 544 3853 eu
561 3821 608 3869 qus
624 3821 685 3853 nous
702 3806 791 3853 davons
810 3808 825 3853 b
842 3807 867 3854 ls
879 3808 956 3870 patrie
969 3808 1033 3853 vient

112 3897 195 3958 sprbs3
212 3894 305 3943 ensuite
316 3910 343 3943 es
355 3910 401 3958 que
418 3910 480 3943 nous
497 3895 615 3942 detonsis
633 3910 676 3941 nos
693 3894 761 3956 peres
779 3904 803 3942 et
821 3897 891 3942 snos
906 3896 990 3945 meres.
1011 3904 1033 3940 et

113 3983 177 4032 ainsi
189 3983 222 4032 du
235 3992 305 4033 rests.
318 3982 351 4032 Le
360 3998 406 4047 peu
418 3999 463 4047 qus
479 4000 540 4033 nous
554 3997 629 4031 avons
641 3980 676 4029 dit
691 3982 736 4029 fait
747 3983 799 4031 voit
811 3999 877 4031 assez
893 3983 1035 4031 cluirement
