2474 4694
103 764 156 821 156
407 774 443 820 DE
465 771 584 820 otricus·
605 773 686 819 aleta
710 775 728 819 l.

102 889 207 959 deceat,
223 905 307 961 quum
331 889 360 944 id
380 889 452 961 quod
475 903 583 960 quaque
603 903 714 960 persona
729 889 841 962 dignum
856 895 896 949 ost
914 896 943 947 et
959 889 991 946 fit
1003 898 1033 949 et

104 966 214 1025 dicitnr.
230 968 272 1028 ut.
289 967 312 1022 ei
328 967 425 1023 AEacus
438 972 487 1022 aut
500 967 586 1022 llinoe
598 966 702 1023 diceret
716 984 724 1022 t

273 1075 387 1140 Oderint,
405 1077 465 1128 dum
481 1082 595 1127 metuant
607 1079 626 1137 ¹,

103 1157 166 1208 aul:

271 1238 341 1287 Natio
356 1237 469 1301 sepulcro
481 1244 518 1287 est
530 1238 582 1301 ipse
594 1250 685 1300 parens
695 1239 717 1300 ¹3

100 1339 258 1396 indecorum
277 1339 425 1407 videretur,
446 1340 518 1412 quod
539 1354 587 1395 eos
604 1338 690 1393 tuisse
707 1339 795 1409 justos
809 1339 976 1413 accepimus.
995 1343 1032 1400 At

103 1420 187 1473 atreo
206 1416 330 1483 dicente,
345 1414 459 1489 plausus
474 1415 629 1471 excitantur
644 1431 651 1469 ε
667 1421 711 1469 eet
728 1415 800 1469 enim
819 1415 899 1486 digna
913 1432 1031 1488 persona

100 1497 197 1552 oratio.
211 1497 264 1552 Sed
279 1504 366 1569 poetae
386 1496 451 1568 quid
471 1511 608 1567 quemque
627 1494 723 1550 deceat
742 1509 774 1550 ex
793 1510 910 1566 persona
919 1497 1032 1566 judica-

101 1573 187 1642 bunt3
202 1575 280 1631 nobis
299 1584 391 1631 autom
405 1590 549 1647 personam
572 1573 700 1645 imposuit
717 1573 776 1645 ipsa
796 1581 910 1643 natura,
930 1591 1030 1646 magna

100 1668 161 1710 oum
173 1655 332 1711 excellentia
348 1655 564 1726 praestantiaque
576 1654 753 1708 animantium
768 1653 941 1726 reliquarum.
956 1654 1030 1722 Quo-

101 1733 171 1789 circa
187 1740 285 1804 poetae,
303 1734 331 1787 in
346 1748 442 1802 magna
464 1732 594 1787 varietata
602 1746 801 1803 personarum,
823 1732 903 1788 etiam
925 1734 1031 1790 vitiosis

100 1812 166 1886 quid
178 1812 322 1868 conveniat
333 1817 362 1866 et
374 1812 439 1884 quid
453 1811 551 1867 deceat
561 1811 707 1879 videbunt;
722 1811 800 1867 nobis
812 1819 901 1868 autem
914 1828 996 1883 quum
1013 1828 1029 1868 a

101 1900 198 1949 natura
215 1891 392 1960 constantie,
408 1891 616 1958 moderationis,
634 1892 835 1963 temperantiae,
857 1892 1030 1948 verecundiae

5 2028 7 2035 ,
101 1970 274 2045 partesdatae
291 1970 357 2036 sint,
376 1986 515 2043 quumque
534 1970 629 2025 eadem
643 1976 739 2025 natura
754 1970 851 2026 doceat
865 1986 919 2025 non
939 1971 1030 2042 aegii·-

102 2068 164 2123 gore
176 2049 403 2124 quemadmodum
419 2067 469 2106 nos
484 2049 618 2106 adversus
629 2048 753 2105 homines
766 2065 903 2120 geramus,
915 2050 1030 2107 efficitur

103 2140 132 2187 ut
146 2139 173 2188 et
188 2131 266 2199 illud,
280 2132 354 2204 quod
371 2131 404 2186 ad
419 2147 528 2188 omnem
546 2130 717 2186 honestatem
739 2132 866 2202 pertinet,
888 2131 1025 2198 decorum,

101 2227 183 2283 quem
197 2211 249 2268 late
263 2211 353 2268 iusum
363 2213 408 2279 sit,
422 2218 562 2284 appareat,
573 2218 600 2266 et
610 2212 672 2275 troo,
682 2211 753 2281 quod
767 2217 906 2283 spectatur
918 2211 945 2265 in
960 2225 1029 2266 uno·

101 2305 210 2364 quoque
229 2305 328 2362 genero
349 2290 466 2346 virtutis.
488 2290 522 2347 Ut
537 2290 610 2345 enim
631 2288 804 2361 pulolrritudo
825 2290 945 2362 corporis
965 2297 1028 2362 apta

101 2478 155 2541 agir
170 2475 262 2539 ohrqno
274 2490 425 2541 pomonnage
439 2475 506 2548 selon
521 2490 564 2524 sou
586 2475 716 2539 conpetere·
738 2473 784 2523 Por
804 2475 921 2538 exemplo,
942 2475 962 2523 oi
978 2475 1028 2525 l'on

102 2553 183 2603 iniunt
194 2553 247 2602 dire
257 2555 273 2600 lu
284 2553 366 2602 Minoo
381 2559 405 2601 et
417 2555 431 2600 l
442 2553 542 2616 quue:

225 2659 254 2707 llo
265 2669 363 2720 pouvent
376 2673 413 2704 me
423 2658 475 2704 hair
483 2674 574 2720 pounu
586 2655 654 2718 qu‘ilr
667 2672 703 2702 rue
714 2656 848 2713 montone,

104 2764 135 2797 ou
150 2748 221 2796 bien:

225 2842 258 2885 Le
268 2838 323 2900 pere
334 2838 347 2885 ἰ
358 2854 393 2885 ses
404 2838 493 2885 colunto
505 2855 534 2883 va
546 2837 616 2883 servir
629 2838 657 2884 dc
669 2837 790 2894 tombeuu,

20 2930 26 2937 ⁵
103 2956 134 2989 on
146 2942 277 2989 trouvereit
286 2943 364 3004 quola
375 2955 528 2990 convenanoe
539 2954 569 2987 na
580 2941 654 2988 serait
664 2955 706 3004 par
716 2940 815 3004 gardae.
828 2955 898 3004 parce
910 2956 956 3004 que
966 2957 1028 2989 nous

103 3030 189 3063 maone
205 3030 251 3079 que
269 3017 381 3064 o'etaieut
404 3015 445 3063 des
461 3014 569 3062 hommes
582 3015 671 3076 justes.
693 3015 756 3063 Maia
778 3016 860 3078 quand
873 3019 944 3064 Atrea
962 3018 1029 3081 pario

102 3090 175 3147 ainsi,
186 3105 218 3138 on
229 3091 363 3154 applaudit,
378 3105 448 3154 puros
462 3103 509 3153 quo
529 3090 552 3137 le
564 3088 674 3138 discours
687 3091 801 3139 oonvieut
818 3107 849 3139 ou
867 3107 1027 3156 paruonnoge.

103 3165 164 3214 atris
176 3166 210 3213 let
229 3169 309 3229 polites
327 3167 445 3228 juperont
458 3168 608 3212 eux-memes
625 3179 652 3212 oo
672 3165 713 3227 qui
733 3168 848 3214 convient
866 3167 985 3214 eceman
1000 3167 1029 3217 do

103 3241 347 3304 lauropereonnages.
361 3240 426 3288 Pour
444 3254 514 3295 nouo,
532 3240 557 3286 lo
568 3248 654 3287 nature
671 3255 760 3287 nourr
779 3240 858 3289 donne
879 3241 943 3287 euasi
960 3249 1029 3288 notre

103 3317 164 3367 rdlo.
177 3315 259 3378 qnond
267 3317 314 3364 elle
325 3331 388 3363 nouo
400 3331 415 3363 a
426 3316 473 3363 mio
485 3315 505 3363 si
521 3314 569 3362 sort
581 3314 708 3363 audeonus
723 3316 764 3363 des
774 3325 855 3365 autres
867 3318 992 3363 animnux.
1003 3316 1027 3366 Si

104 3391 232 3440 ‹lonco'est
243 3406 291 3439 aux
305 3393 384 3455 polteo
397 3393 412 3438 d
423 3390 485 3449 noir,
497 3388 557 3436 dana
568 3389 593 3437 la
602 3388 696 3453 grende
708 3392 798 3439 variole
811 3391 840 3439 de
850 3392 916 3439 leura
928 3406 1027 3454 porson-

104 3481 187 3530 ηιμ,
199 3480 226 3513 oo
237 3466 279 3529 qui
297 3467 410 3513 convient
424 3467 439 3513 lt
457 3465 563 3524 chanun,
576 3470 600 3512 et
613 3468 690 3513 meme
701 3480 752 3514 eux
764 3466 819 3528 plue
830 3481 942 3529 perrers3
956 3482 1028 3526 none,

103 3557 151 3605 que
165 3541 192 3589 ln
204 3548 290 3589 nature
301 3556 316 3588 a
328 3539 401 3588 dones
415 3540 444 3587 de
455 3547 593 3597 constance,
607 3539 637 3586 de
649 3539 809 3598 moderatiora,
828 3540 857 3588 de
868 3544 1028 3604 temperance,

105 3621 136 3669 do
145 3619 270 3677 modestis,
282 3628 306 3666 et
320 3619 386 3680 equi
400 3627 462 3666 nette
478 3622 556 3666 meme
567 3626 654 3667 nature
667 3619 780 3682 enseigne
795 3621 851 3667 dne
860 3635 903 3683 pao
915 3619 1028 3682 negliget

105 3696 131 3745 lo
141 3694 249 3744 muniere
259 3694 288 3742 de
301 3710 363 3742 nouo
373 3695 491 3743 conduire
503 3709 587 3742 envers
600 3710 644 3743 noo
656 3693 809 3750 semblables,
828 3696 846 3742 il
858 3710 919 3743 noue
932 3704 969 3742 est
981 3695 1029 3741 eiad

106 3768 136 3820 de
146 3770 200 3821 mir
208 3769 327 3834 juoqu'oia
338 3769 428 3817 o'dtend
440 3776 501 3817 cette
511 3769 771 3834 biousdouoogdndrulo
782 3770 824 3832 qui
836 3769 1030 3832 estinse'perable

109 3844 138 3894 de
149 3853 203 3894 tout
212 3859 239 3894 oe
251 3844 293 3909 qni
309 3852 346 3893 ert
358 3844 470 3903 honnete,
484 3854 508 3893 et
519 3850 580 3893 nette
590 3846 730 3894 bionadonoe
741 3844 895 3908 perticuliero
905 3846 946 3908 qui
952 3848 1030 3908 paratt

110 3917 171 3968 «laur
180 3918 273 3983 chaque
285 3927 361 3969 verto.
373 3918 416 3981 Or,
430 3934 523 3970 nomme
531 3921 557 3970 lu
568 3921 662 3978 beaute,
675 3919 717 3981 qni
727 3920 832 3969 consiste
840 3918 900 3968 deno
912 3920 937 3966 lo
950 3919 1029 3982 dispo·
