<?xml version="1.0" encoding="UTF-8"?>
<!DOCTYPE html PUBLIC "-//W3C//DTD XHTML 1.0 Transitional//EN"
    "http://www.w3.org/TR/xhtml1/DTD/xhtml1-transitional.dtd">
<html xmlns="http://www.w3.org/1999/xhtml" xml:lang="en" lang="en">
 <head>
  <title>
</title>
<meta http-equiv="Content-Type" content="text/html;charset=utf-8" />
  <meta name='ocr-system' content='tesseract 3.04.00' />
  <meta name='ocr-capabilities' content='ocr_page ocr_carea ocr_par ocr_line ocrx_word'/>
</head>
<body>
  <div class='ocr_page' id='page_1' title='image "./traitdesdevoirs00cicegoog_0040.png"; bbox 0 0 2364 4634; ppageno 0'>
   <div class='ocr_carea' id='block_1_1' title="bbox 417 692 1048 762">
    <p class='ocr_par' dir='ltr' id='par_1_1' title="bbox 417 692 1048 762">
     <span class='ocr_line' id='line_1_1' title="bbox 417 692 1048 762; baseline -0.005 -12"><span class='ocrx_word' id='word_1_1' title='bbox 417 706 470 752; x_wconf 84' lang='lat' dir='ltr'>uss</span> <span class='ocrx_word' id='word_1_2' title='bbox 491 706 626 762; x_wconf 81' lang='lat' dir='ltr'>ussurus,</span> <span class='ocrx_word' id='word_1_3' title='bbox 650 704 732 750; x_wconf 76' lang='lat' dir='ltr'>srvis</span> <span class='ocrx_word' id='word_1_4' title='bbox 753 707 774 749; x_wconf 88' lang='lat' dir='ltr'>r.</span> <span class='ocrx_word' id='word_1_5' title='bbox 1015 692 1048 748; x_wconf 74' lang='grc'>31</span> 
     </span>
    </p>
   </div>
   <div class='ocr_carea' id='block_1_2' title="bbox 84 821 1053 1878">
    <p class='ocr_par' dir='ltr' id='par_1_2' title="bbox 163 821 1052 952">
     <span class='ocr_line' id='line_1_2' title="bbox 164 821 1052 887; baseline 0.001 -17"><span class='ocrx_word' id='word_1_6' title='bbox 164 821 195 870; x_wconf 82' lang='lat' dir='ltr'>sed</span> <span class='ocrx_word' id='word_1_7' title='bbox 203 821 295 885; x_wconf 73' lang='lat' dir='ltr'>conjugi,</span> <span class='ocrx_word' id='word_1_8' title='bbox 307 823 400 885; x_wconf 76' lang='lat' dir='ltr'>liberis,</span> <span class='ocrx_word' id='word_1_9' title='bbox 513 824 574 872; x_wconf 86' lang='lat' dir='ltr'>meis</span> <span class='ocrx_word' id='word_1_10' title='bbox 586 839 647 887; x_wconf 89' lang='lat' dir='ltr'>pour</span> <span class='ocrx_word' id='word_1_11' title='bbox 665 839 706 870; x_wconf 78' lang='lat' dir='ltr'>son</span> <span class='ocrx_word' id='word_1_12' title='bbox 718 825 814 887; x_wconf 70' lang='lat' dir='ltr'>epnnse,</span> <span class='ocrx_word' id='word_1_13' title='bbox 830 838 892 886; x_wconf 88' lang='lat' dir='ltr'>pour</span> <span class='ocrx_word' id='word_1_14' title='bbox 904 823 1052 880; x_wconf 77' lang='lat' dir='ltr'>menimis,</span> 
     </span>
     <span class='ocr_line' id='line_1_3' title="bbox 163 889 882 952; baseline 0.008 -21"><span class='ocrx_word' id='word_1_15' title='bbox 163 889 268 950; x_wconf 76' lang='lat' dir='ltr'>ceterisque</span> <span class='ocrx_word' id='word_1_16' title='bbox 512 899 536 938; x_wconf 89' lang='lat' dir='ltr'>et</span> <span class='ocrx_word' id='word_1_17' title='bbox 547 907 609 952; x_wconf 89' lang='lat' dir='ltr'>pour</span> <span class='ocrx_word' id='word_1_18' title='bbox 618 892 814 939; x_wconf 64' lang='lat' dir='ltr'>tensius-antron</span> <span class='ocrx_word' id='word_1_19' title='bbox 825 896 882 938; x_wconf 69' lang='lat' dir='ltr'>lires</span> 
     </span>
    </p>

    <p class='ocr_par' dir='ltr' id='par_1_3' title="bbox 161 944 1053 1087">
     <span class='ocr_line' id='line_1_4' title="bbox 162 944 1053 1020; baseline 0.01 -24"><span class='ocrx_word' id='word_1_20' title='bbox 162 966 206 1011; x_wconf 83' lang='lat' dir='ltr'>quos</span> <span class='ocrx_word' id='word_1_21' title='bbox 216 954 368 1004; x_wconf 73' lang='lat' dir='ltr'>hebeetoesoe</span> <span class='ocrx_word' id='word_1_22' title='bbox 511 957 572 1019; x_wconf 92' lang='lat' dir='ltr'>qn&#39;il</span> <span class='ocrx_word' id='word_1_23' title='bbox 584 958 645 1004; x_wconf 82' lang='lat' dir='ltr'>tieut</span> <span class='ocrx_word' id='word_1_24' title='bbox 657 972 716 1016; x_wconf 82' lang='lat' dir='ltr'>pour</span> <span class='ocrx_word' id='word_1_25' title='bbox 727 958 795 1004; x_wconf 88' lang='lat' dir='ltr'>ohers</span> <span class='ocrx_word' id='word_1_26' title='bbox 810 957 880 1020; x_wconf 82' lang='lat' dir='ltr'>(qrr&#39;ll</span> <span class='ocrx_word' id='word_1_27' title='bbox 891 955 978 1019; x_wconf 76' lang='lat' dir='ltr'>eherii)</span> <span class='ocrx_word' id='word_1_28' title='bbox 1039 944 1053 971; x_wconf 74' lang='lat'>&#39;</span> 
     </span>
     <span class='ocr_line' id='line_1_5' title="bbox 161 1018 801 1087; baseline 0.016 -25"><span class='ocrx_word' id='word_1_29' title='bbox 161 1018 264 1082; x_wconf 77' lang='lat' dir='ltr'>debentque</span> <span class='ocrx_word' id='word_1_30' title='bbox 274 1024 344 1071; x_wconf 85' lang='lat' dir='ltr'>tueri.</span> <span class='ocrx_word' id='word_1_31' title='bbox 512 1034 536 1071; x_wconf 83' lang='lat' dir='ltr'>et</span> <span class='ocrx_word' id='word_1_32' title='bbox 548 1024 605 1084; x_wconf 78' lang='lat' dir='ltr'>qu&#39;il</span> <span class='ocrx_word' id='word_1_33' title='bbox 621 1023 672 1071; x_wconf 87' lang='lat' dir='ltr'>doit</span> <span class='ocrx_word' id='word_1_34' title='bbox 682 1026 801 1087; x_wconf 69' lang='lat' dir='ltr'>proteges.</span> 
     </span>
    </p>

    <p class='ocr_par' dir='ltr' id='par_1_4' title="bbox 159 1083 666 1150">
     <span class='ocr_line' id='line_1_6' title="bbox 159 1083 666 1150; baseline 0.01 -19"><span class='ocrx_word' id='word_1_35' title='bbox 159 1083 206 1143; x_wconf 78' lang='lat' dir='ltr'>Qun</span> <span class='ocrx_word' id='word_1_36' title='bbox 215 1102 265 1134; x_wconf 76' lang='lat' dir='ltr'>oure</span> <span class='ocrx_word' id='word_1_37' title='bbox 512 1089 601 1150; x_wconf 86' lang='lat' dir='ltr'>Lequel</span> <span class='ocrx_word' id='word_1_38' title='bbox 613 1090 666 1136; x_wconf 87' lang='lat' dir='ltr'>soin</span> 
     </span>
    </p>

    <p class='ocr_par' dir='ltr' id='par_1_5' title="bbox 84 1152 1052 1350">
     <span class='ocr_line' id='line_1_7' title="bbox 158 1152 1052 1219; baseline 0.001 -19"><span class='ocrx_word' id='word_1_39' title='bbox 158 1155 345 1204; x_wconf 69' lang='lat' dir='ltr'>muscitantium</span> <span class='ocrx_word' id='word_1_40' title='bbox 359 1156 460 1216; x_wconf 75' lang='lat' dir='ltr'>animos,</span> <span class='ocrx_word' id='word_1_41' title='bbox 510 1157 595 1204; x_wconf 74' lang='lat' dir='ltr'>dveiile</span> <span class='ocrx_word' id='word_1_42' title='bbox 606 1171 691 1204; x_wconf 91' lang='lat' dir='ltr'>enoore</span> <span class='ocrx_word' id='word_1_43' title='bbox 704 1156 740 1204; x_wconf 86' lang='lat' dir='ltr'>ies</span> <span class='ocrx_word' id='word_1_44' title='bbox 748 1155 844 1218; x_wconf 70' lang='lat' dir='ltr'>apriis,</span> <span class='ocrx_word' id='word_1_45' title='bbox 990 1152 1052 1219; x_wconf 65' lang='lat' dir='ltr'>[silei</span> 
     </span>
     <span class='ocr_line' id='line_1_8' title="bbox 84 1217 1050 1285; baseline 0.008 -23"><span class='ocrx_word' id='word_1_46' title='bbox 84 1250 87 1257; x_wconf 89' lang='lat'>.</span> <span class='ocrx_word' id='word_1_47' title='bbox 158 1217 231 1266; x_wconf 76' lang='lat' dir='ltr'>uisus</span> <span class='ocrx_word' id='word_1_48' title='bbox 240 1223 338 1284; x_wconf 81' lang='lat' dir='ltr'>rusjoree</span> <span class='ocrx_word' id='word_1_49' title='bbox 511 1228 535 1270; x_wconf 85' lang='lat' dir='ltr'>ei</span> <span class='ocrx_word' id='word_1_50' title='bbox 546 1226 577 1270; x_wconf 77' lang='lat' dir='ltr'>ier</span> <span class='ocrx_word' id='word_1_51' title='bbox 591 1223 635 1269; x_wconf 85' lang='lat' dir='ltr'>suit</span> <span class='ocrx_word' id='word_1_52' title='bbox 648 1222 701 1283; x_wconf 88' lang='lat' dir='ltr'>plns</span> <span class='ocrx_word' id='word_1_53' title='bbox 714 1221 806 1285; x_wconf 70' lang='lat' dir='ltr'>grands</span> <span class='ocrx_word' id='word_1_54' title='bbox 818 1223 862 1284; x_wconf 88' lang='lat' dir='ltr'>(les</span> <span class='ocrx_word' id='word_1_55' title='bbox 872 1219 934 1270; x_wconf 86' lang='lat' dir='ltr'>reud</span> <span class='ocrx_word' id='word_1_56' title='bbox 943 1220 998 1285; x_wconf 87' lang='lat' dir='ltr'>plns</span> <span class='ocrx_word' id='word_1_57' title='bbox 1010 1236 1050 1270; x_wconf 86' lang='grc' dir='ltr'>ιο·</span> 
     </span>
     <span class='ocr_line' id='line_1_9' title="bbox 157 1282 879 1350; baseline 0.006 -18"><span class='ocrx_word' id='word_1_58' title='bbox 157 1282 301 1345; x_wconf 70' lang='lat' dir='ltr'>tdgsreudnm</span> <span class='ocrx_word' id='word_1_59' title='bbox 312 1304 374 1337; x_wconf 86' lang='lat' dir='ltr'>rem.</span> <span class='ocrx_word' id='word_1_60' title='bbox 512 1304 573 1350; x_wconf 91' lang='lat' dir='ltr'>pour</span> <span class='ocrx_word' id='word_1_61' title='bbox 589 1291 700 1336; x_wconf 76' lang='lat' dir='ltr'>executor</span> <span class='ocrx_word' id='word_1_62' title='bbox 723 1291 758 1336; x_wconf 86' lang='lat' dir='ltr'>ies</span> <span class='ocrx_word' id='word_1_63' title='bbox 775 1287 879 1336; x_wconf 71' lang='lat' dir='ltr'>sunites.</span> 
     </span>
    </p>

    <p class='ocr_par' dir='ltr' id='par_1_6' title="bbox 157 1346 776 1417">
     <span class='ocr_line' id='line_1_10' title="bbox 157 1346 776 1417; baseline 0.013 -23"><span class='ocrx_word' id='word_1_64' title='bbox 157 1346 300 1417; x_wconf 70' lang='lat' dir='ltr'>imprimisque</span> <span class='ocrx_word' id='word_1_65' title='bbox 511 1355 543 1403; x_wconf 83' lang='lat' dir='ltr'>Et</span> <span class='ocrx_word' id='word_1_66' title='bbox 554 1356 776 1417; x_wconf 75' lang='lat' dir='ltr'>perticulierement</span> 
     </span>
    </p>

    <p class='ocr_par' dir='ltr' id='par_1_7' title="bbox 157 1415 676 1476">
     <span class='ocr_line' id='line_1_11' title="bbox 157 1415 676 1476; baseline 0.017 -16"><span class='ocrx_word' id='word_1_67' title='bbox 157 1415 258 1476; x_wconf 74' lang='lat' dir='ltr'>inquisitio</span> <span class='ocrx_word' id='word_1_68' title='bbox 511 1420 536 1468; x_wconf 81' lang='lat' dir='ltr'>le</span> <span class='ocrx_word' id='word_1_69' title='bbox 546 1421 676 1469; x_wconf 82' lang='lat' dir='ltr'>recherche</span> 
     </span>
    </p>

    <p class='ocr_par' dir='ltr' id='par_1_8' title="bbox 156 1485 813 1551">
     <span class='ocr_line' id='line_1_12' title="bbox 156 1485 813 1551; baseline 0.014 -25"><span class='ocrx_word' id='word_1_70' title='bbox 156 1491 212 1542; x_wconf 82' lang='lat' dir='ltr'>etque</span> <span class='ocrx_word' id='word_1_71' title='bbox 222 1485 371 1548; x_wconf 73' lang='lat' dir='ltr'>investigetis</span> <span class='ocrx_word' id='word_1_72' title='bbox 384 1486 436 1535; x_wconf 80' lang='lat' dir='ltr'>veri</span> <span class='ocrx_word' id='word_1_73' title='bbox 511 1494 535 1533; x_wconf 89' lang='lat' dir='ltr'>et</span> <span class='ocrx_word' id='word_1_74' title='bbox 546 1487 570 1534; x_wconf 76' lang='lat' dir='ltr'>le</span> <span class='ocrx_word' id='word_1_75' title='bbox 581 1489 705 1551; x_wconf 84' lang='lat' dir='ltr'>poursuite</span> <span class='ocrx_word' id='word_1_76' title='bbox 718 1486 752 1535; x_wconf 92' lang='lat' dir='ltr'>dn</span> <span class='ocrx_word' id='word_1_77' title='bbox 763 1487 813 1535; x_wconf 78' lang='lat' dir='ltr'>rrei</span> 
     </span>
    </p>

    <p class='ocr_par' dir='ltr' id='par_1_9' title="bbox 156 1551 805 1617">
     <span class='ocr_line' id='line_1_13' title="bbox 156 1551 805 1617; baseline 0.012 -23"><span class='ocrx_word' id='word_1_78' title='bbox 156 1555 184 1593; x_wconf 77' lang='lat' dir='ltr'>eut</span> <span class='ocrx_word' id='word_1_79' title='bbox 192 1553 274 1614; x_wconf 71' lang='lat' dir='ltr'>proprie</span> <span class='ocrx_word' id='word_1_80' title='bbox 285 1551 402 1600; x_wconf 83' lang='lat' dir='ltr'>hominis.</span> <span class='ocrx_word' id='word_1_81' title='bbox 510 1551 546 1601; x_wconf 78' lang='lat' dir='ltr'>est&#39;</span> <span class='ocrx_word' id='word_1_82' title='bbox 558 1569 644 1617; x_wconf 83' lang='lat' dir='ltr'>propre</span> <span class='ocrx_word' id='word_1_83' title='bbox 655 1557 671 1602; x_wconf 86' lang='lat' dir='ltr'>it</span> <span class='ocrx_word' id='word_1_84' title='bbox 681 1553 805 1602; x_wconf 89' lang='lat' dir='ltr'>l&#39;homme.</span> 
     </span>
    </p>

    <p class='ocr_par' dir='ltr' id='par_1_10' title="bbox 153 1611 961 1739">
     <span class='ocr_line' id='line_1_14' title="bbox 155 1611 961 1683; baseline 0.006 -23"><span class='ocrx_word' id='word_1_85' title='bbox 155 1611 226 1676; x_wconf 72' lang='lat' dir='ltr'>lisque,</span> <span class='ocrx_word' id='word_1_86' title='bbox 236 1634 308 1680; x_wconf 89' lang='lat' dir='ltr'>quum</span> <span class='ocrx_word' id='word_1_87' title='bbox 319 1634 403 1667; x_wconf 79' lang='lat' dir='ltr'>sumus</span> <span class='ocrx_word' id='word_1_88' title='bbox 416 1616 486 1670; x_wconf 77' lang='lat' dir='ltr'>rutun&#39;</span> <span class='ocrx_word' id='word_1_89' title='bbox 510 1620 592 1675; x_wconf 78' lang='lat' dir='ltr'>Aussi.</span> <span class='ocrx_word' id='word_1_90' title='bbox 605 1619 688 1683; x_wconf 73' lang='lat' dir='ltr'>quand</span> <span class='ocrx_word' id='word_1_91' title='bbox 700 1636 761 1669; x_wconf 90' lang='lat' dir='ltr'>nous</span> <span class='ocrx_word' id='word_1_92' title='bbox 773 1632 876 1668; x_wconf 86' lang='lat' dir='ltr'>summes</span> <span class='ocrx_word' id='word_1_93' title='bbox 887 1618 961 1667; x_wconf 85' lang='lat' dir='ltr'>libres</span> 
     </span>
     <span class='ocr_line' id='line_1_15' title="bbox 153 1684 631 1739; baseline 0.008 -10"><span class='ocrx_word' id='word_1_94' title='bbox 153 1684 236 1739; x_wconf 72' lang='lat' dir='ltr'>nequii·</span> <span class='ocrx_word' id='word_1_95' title='bbox 510 1684 631 1734; x_wconf 77' lang='lat' dir='ltr'>d&#39;effeires</span> 
     </span>
    </p>

    <p class='ocr_par' dir='ltr' id='par_1_11' title="bbox 152 1748 819 1810">
     <span class='ocr_line' id='line_1_16' title="bbox 152 1748 819 1810; baseline 0.007 -16"><span class='ocrx_word' id='word_1_96' title='bbox 152 1748 242 1810; x_wconf 79' lang='lat' dir='ltr'>curisque</span> <span class='ocrx_word' id='word_1_97' title='bbox 251 1752 401 1808; x_wconf 72' lang='lat' dir='ltr'>neoemriis,</span> <span class='ocrx_word' id='word_1_98' title='bbox 509 1760 533 1799; x_wconf 84' lang='lat' dir='ltr'>et</span> <span class='ocrx_word' id='word_1_99' title='bbox 544 1752 575 1801; x_wconf 83' lang='lat' dir='ltr'>sie</span> <span class='ocrx_word' id='word_1_100' title='bbox 587 1754 653 1801; x_wconf 86' lang='lat' dir='ltr'>soins</span> <span class='ocrx_word' id='word_1_101' title='bbox 666 1753 819 1807; x_wconf 70' lang='lat' dir='ltr'>nioessuires.</span> 
     </span>
    </p>

    <p class='ocr_par' dir='ltr' id='par_1_12' title="bbox 151 1817 918 1878">
     <span class='ocr_line' id='line_1_17' title="bbox 151 1817 918 1878; baseline 0.005 -18"><span class='ocrx_word' id='word_1_102' title='bbox 151 1818 291 1864; x_wconf 74' lang='lat' dir='ltr'>timeremus</span> <span class='ocrx_word' id='word_1_103' title='bbox 304 1817 393 1876; x_wconf 83' lang='lat' dir='ltr'>videre,</span> <span class='ocrx_word' id='word_1_104' title='bbox 509 1818 574 1866; x_wconf 78' lang='lat' dir='ltr'>alors</span> <span class='ocrx_word' id='word_1_105' title='bbox 585 1835 646 1866; x_wconf 82' lang='lat' dir='ltr'>nous</span> <span class='ocrx_word' id='word_1_106' title='bbox 660 1818 803 1866; x_wconf 85' lang='lat' dir='ltr'>soubsitons</span> <span class='ocrx_word' id='word_1_107' title='bbox 814 1817 842 1867; x_wconf 85' lang='lat' dir='ltr'>de</span> <span class='ocrx_word' id='word_1_108' title='bbox 855 1818 918 1878; x_wconf 79' lang='lat' dir='ltr'>vois,</span> 
     </span>
    </p>
   </div>
   <div class='ocr_carea' id='block_1_3' title="bbox 150 1879 1134 1947">
    <p class='ocr_par' dir='ltr' id='par_1_13' title="bbox 150 1879 1134 1947">
     <span class='ocr_line' id='line_1_18' title="bbox 150 1879 1134 1947; baseline 0.006 -23"><span class='ocrx_word' id='word_1_109' title='bbox 150 1879 223 1940; x_wconf 70' lang='lat' dir='ltr'>audire,</span> <span class='ocrx_word' id='word_1_110' title='bbox 237 1883 359 1931; x_wconf 81' lang='lat' dir='ltr'>eddisoere</span> <span class='ocrx_word' id='word_1_111' title='bbox 370 1884 463 1947; x_wconf 79' lang='lat' dir='ltr'>sliqnid</span> <span class='ocrx_word' id='word_1_112' title='bbox 476 1901 483 1942; x_wconf 69' lang='grc' dir='ltr'><strong>ς</strong></span> <span class='ocrx_word' id='word_1_113' title='bbox 510 1884 658 1942; x_wconf 83' lang='lat' dir='ltr'>d&#39;errteudre‚</span> <span class='ocrx_word' id='word_1_114' title='bbox 669 1884 827 1947; x_wconf 73' lang='lat' dir='ltr'>d&#39;epprudre</span> <span class='ocrx_word' id='word_1_115' title='bbox 837 1884 939 1947; x_wconf 81' lang='lat' dir='ltr'>quelque</span> <span class='ocrx_word' id='word_1_116' title='bbox 947 1881 1032 1930; x_wconf 84' lang='lat' dir='ltr'>ehose.</span> <span class='ocrx_word' id='word_1_117' title='bbox 1131 1916 1134 1921; x_wconf 90' lang='lat'>-</span> 
     </span>
    </p>
   </div>
   <div class='ocr_carea' id='block_1_4' title="bbox 111 1943 1048 3867">
    <p class='ocr_par' dir='ltr' id='par_1_14' title="bbox 111 1943 1048 3867">
     <span class='ocr_line' id='line_1_19' title="bbox 149 1943 957 2014; baseline 0.009 -23"><span class='ocrx_word' id='word_1_118' title='bbox 149 1943 287 2011; x_wconf 71' lang='lat' dir='ltr'>ducimusque</span> <span class='ocrx_word' id='word_1_119' title='bbox 297 1950 462 2014; x_wconf 75' lang='lat' dir='ltr'>cognitionem</span> <span class='ocrx_word' id='word_1_120' title='bbox 509 1959 534 1998; x_wconf 87' lang='lat' dir='ltr'>et</span> <span class='ocrx_word' id='word_1_121' title='bbox 549 1967 611 1999; x_wconf 82' lang='lat' dir='ltr'>nous</span> <span class='ocrx_word' id='word_1_122' title='bbox 621 1953 737 1999; x_wconf 85' lang='lat' dir='ltr'>estimons</span> <span class='ocrx_word' id='word_1_123' title='bbox 747 1951 772 1998; x_wconf 80' lang='lat' dir='ltr'>lu</span> <span class='ocrx_word' id='word_1_124' title='bbox 786 1951 957 1999; x_wconf 75' lang='lat' dir='ltr'>eouuuisseuoe</span> 
     </span>
     <span class='ocr_line' id='line_1_20' title="bbox 148 2015 797 2066; baseline 0.011 -8"><span class='ocrx_word' id='word_1_125' title='bbox 148 2025 212 2061; x_wconf 86' lang='lat' dir='ltr'>serum</span> <span class='ocrx_word' id='word_1_126' title='bbox 226 2027 268 2063; x_wconf 83' lang='lat' dir='ltr'>sut</span> <span class='ocrx_word' id='word_1_127' title='bbox 278 2017 432 2065; x_wconf 75' lang='lat' dir='ltr'>occulterum</span> <span class='ocrx_word' id='word_1_128' title='bbox 510 2015 551 2065; x_wconf 84' lang='lat' dir='ltr'>des</span> <span class='ocrx_word' id='word_1_129' title='bbox 563 2018 646 2065; x_wconf 77' lang='lat' dir='ltr'>elnoses</span> <span class='ocrx_word' id='word_1_130' title='bbox 658 2033 688 2066; x_wconf 91' lang='lat' dir='ltr'>ou</span> <span class='ocrx_word' id='word_1_131' title='bbox 699 2017 797 2065; x_wconf 62' lang='lat' dir='ltr'>mehe·</span> 
     </span>
     <span class='ocr_line' id='line_1_21' title="bbox 146 2082 729 2132; baseline 0.014 -8"><span class='ocrx_word' id='word_1_132' title='bbox 146 2088 179 2126; x_wconf 85' lang='lat' dir='ltr'>sut</span> <span class='ocrx_word' id='word_1_133' title='bbox 188 2082 365 2131; x_wconf 66' lang='lat' dir='ltr'>admirabilium</span> <span class='ocrx_word' id='word_1_134' title='bbox 510 2098 541 2130; x_wconf 92' lang='lat' dir='ltr'>ou</span> <span class='ocrx_word' id='word_1_135' title='bbox 553 2085 729 2132; x_wconf 64' lang='lat' dir='ltr'>massilienses</span> 
     </span>
     <span class='ocr_line' id='line_1_22' title="bbox 144 2149 641 2198; baseline 0.004 -2"><span class='ocrx_word' id='word_1_136' title='bbox 144 2149 286 2197; x_wconf 69' lang='lat' dir='ltr'>neoresium</span> <span class='ocrx_word' id='word_1_137' title='bbox 509 2151 641 2198; x_wconf 70' lang='lat' dir='ltr'>neoesuire</span> 
     </span>
     <span class='ocr_line' id='line_1_23' title="bbox 144 2211 852 2277; baseline 0.004 -18"><span class='ocrx_word' id='word_1_138' title='bbox 144 2211 168 2258; x_wconf 86' lang='lat' dir='ltr'>ud</span> <span class='ocrx_word' id='word_1_139' title='bbox 181 2213 318 2262; x_wconf 79' lang='lat' dir='ltr'>visendum.</span> <span class='ocrx_word' id='word_1_140' title='bbox 510 2231 570 2277; x_wconf 88' lang='lat' dir='ltr'>pour</span> <span class='ocrx_word' id='word_1_141' title='bbox 582 2218 649 2264; x_wconf 80' lang='lat' dir='ltr'>visre</span> <span class='ocrx_word' id='word_1_142' title='bbox 660 2215 852 2264; x_wconf 84' lang='lat' dir='ltr'>henreuseurent.</span> 
     </span>
     <span class='ocr_line' id='line_1_24' title="bbox 142 2274 938 2346; baseline 0 -21"><span class='ocrx_word' id='word_1_143' title='bbox 142 2274 225 2342; x_wconf 78' lang='lat' dir='ltr'>Exque</span> <span class='ocrx_word' id='word_1_144' title='bbox 234 2280 395 2344; x_wconf 75' lang='lat' dir='ltr'>intelligitur,</span> <span class='ocrx_word' id='word_1_145' title='bbox 509 2279 673 2346; x_wconf 72' lang='lat' dir='ltr'>Pur-suite-de</span> <span class='ocrx_word' id='word_1_146' title='bbox 682 2283 738 2345; x_wconf 90' lang='lat' dir='ltr'>quoi</span> <span class='ocrx_word' id='word_1_147' title='bbox 750 2282 769 2330; x_wconf 93' lang='lat' dir='ltr'>il</span> <span class='ocrx_word' id='word_1_148' title='bbox 780 2288 817 2330; x_wconf 83' lang='lat' dir='ltr'>est</span> <span class='ocrx_word' id='word_1_149' title='bbox 825 2279 938 2345; x_wconf 83' lang='lat' dir='ltr'>compris,</span> 
     </span>
     <span class='ocr_line' id='line_1_25' title="bbox 141 2342 711 2413; baseline 0.005 -22"><span class='ocrx_word' id='word_1_150' title='bbox 141 2342 161 2391; x_wconf 86' lang='lat' dir='ltr'>id</span> <span class='ocrx_word' id='word_1_151' title='bbox 170 2346 228 2408; x_wconf 87' lang='lat' dir='ltr'>qnod</span> <span class='ocrx_word' id='word_1_152' title='bbox 240 2354 277 2394; x_wconf 86' lang='lat' dir='ltr'>est</span> <span class='ocrx_word' id='word_1_153' title='bbox 289 2362 385 2413; x_wconf 78' lang='lat' dir='ltr'>verum,</span> <span class='ocrx_word' id='word_1_154' title='bbox 510 2363 537 2395; x_wconf 87' lang='lat' dir='ltr'>oo</span> <span class='ocrx_word' id='word_1_155' title='bbox 546 2350 587 2412; x_wconf 87' lang='lat' dir='ltr'>qui</span> <span class='ocrx_word' id='word_1_156' title='bbox 602 2357 638 2396; x_wconf 84' lang='lat' dir='ltr'>est</span> <span class='ocrx_word' id='word_1_157' title='bbox 648 2351 711 2406; x_wconf 77' lang='lat' dir='ltr'>irrui,</span> 
     </span>
     <span class='ocr_line' id='line_1_26' title="bbox 140 2411 696 2479; baseline 0.013 -24"><span class='ocrx_word' id='word_1_158' title='bbox 140 2411 229 2475; x_wconf 80' lang='lat' dir='ltr'>simplex</span> <span class='ocrx_word' id='word_1_159' title='bbox 237 2415 417 2479; x_wconf 69' lang='lat' dir='ltr'>nimiumque,</span> <span class='ocrx_word' id='word_1_160' title='bbox 509 2414 595 2475; x_wconf 86' lang='lat' dir='ltr'>simple</span> <span class='ocrx_word' id='word_1_161' title='bbox 607 2424 630 2462; x_wconf 86' lang='lat' dir='ltr'>et</span> <span class='ocrx_word' id='word_1_162' title='bbox 642 2430 696 2478; x_wconf 84' lang='lat' dir='ltr'>pur.</span> 
     </span>
     <span class='ocr_line' id='line_1_27' title="bbox 138 2480 797 2544; baseline 0.003 -19"><span class='ocrx_word' id='word_1_163' title='bbox 138 2480 339 2541; x_wconf 75' lang='lat' dir='ltr'>uresprissimum</span> <span class='ocrx_word' id='word_1_164' title='bbox 508 2482 558 2527; x_wconf 69' lang='lat' dir='ltr'>erre</span> <span class='ocrx_word' id='word_1_165' title='bbox 568 2481 591 2528; x_wconf 86' lang='lat' dir='ltr'>le</span> <span class='ocrx_word' id='word_1_166' title='bbox 603 2483 657 2543; x_wconf 87' lang='lat' dir='ltr'>plus</span> <span class='ocrx_word' id='word_1_167' title='bbox 669 2480 797 2544; x_wconf 77' lang='lat' dir='ltr'>spproprid</span> 
     </span>
     <span class='ocr_line' id='line_1_28' title="bbox 136 2545 837 2595; baseline 0 -4"><span class='ocrx_word' id='word_1_168' title='bbox 136 2551 220 2593; x_wconf 67' lang='lat' dir='ltr'>ustura</span> <span class='ocrx_word' id='word_1_169' title='bbox 229 2545 349 2594; x_wconf 88' lang='lat' dir='ltr'>hominis.</span> <span class='ocrx_word' id='word_1_170' title='bbox 509 2546 560 2593; x_wconf 73' lang='lat' dir='ltr'>&#39;elo</span> <span class='ocrx_word' id='word_1_171' title='bbox 574 2554 659 2595; x_wconf 85' lang='lat' dir='ltr'>uetnre</span> <span class='ocrx_word' id='word_1_172' title='bbox 671 2547 700 2595; x_wconf 89' lang='lat' dir='ltr'>de</span> <span class='ocrx_word' id='word_1_173' title='bbox 714 2546 837 2595; x_wconf 83' lang='lat' dir='ltr'>l&#39;lromme.</span> 
     </span>
     <span class='ocr_line' id='line_1_29' title="bbox 135 2609 644 2674; baseline 0.008 -17"><span class='ocrx_word' id='word_1_174' title='bbox 135 2609 330 2674; x_wconf 70' lang='lat' dir='ltr'>iluieoupiditeti</span> <span class='ocrx_word' id='word_1_175' title='bbox 508 2612 568 2660; x_wconf 79' lang='lat' dir='ltr'>Ace</span> <span class='ocrx_word' id='word_1_176' title='bbox 580 2613 644 2661; x_wconf 78' lang='lat' dir='ltr'>desis</span> 
     </span>
     <span class='ocr_line' id='line_1_30' title="bbox 111 2677 705 2726; baseline 0.003 -2"><span class='ocrx_word' id='word_1_177' title='bbox 111 2711 113 2715; x_wconf 88' lang='lat'>-</span> <span class='ocrx_word' id='word_1_178' title='bbox 134 2677 222 2725; x_wconf 86' lang='lat' dir='ltr'>ridendi</span> <span class='ocrx_word' id='word_1_179' title='bbox 240 2679 292 2725; x_wconf 82' lang='lat' dir='ltr'>veri</span> <span class='ocrx_word' id='word_1_180' title='bbox 509 2678 602 2726; x_wconf 80' lang='lat' dir='ltr'>devoir</span> <span class='ocrx_word' id='word_1_181' title='bbox 615 2679 637 2726; x_wconf 96' lang='lat' dir='ltr'>le</span> <span class='ocrx_word' id='word_1_182' title='bbox 653 2678 705 2726; x_wconf 78' lang='lat' dir='ltr'>ursi</span> 
     </span>
     <span class='ocr_line' id='line_1_31' title="bbox 132 2743 635 2806; baseline 0.006 -17"><span class='ocrx_word' id='word_1_183' title='bbox 132 2743 243 2806; x_wconf 79' lang='lat' dir='ltr'>sdjnnots</span> <span class='ocrx_word' id='word_1_184' title='bbox 260 2751 297 2791; x_wconf 85' lang='lat' dir='ltr'>est</span> <span class='ocrx_word' id='word_1_185' title='bbox 508 2753 544 2791; x_wconf 89' lang='lat' dir='ltr'>est</span> <span class='ocrx_word' id='word_1_186' title='bbox 557 2743 635 2806; x_wconf 89' lang='lat' dir='ltr'>jointe</span> 
     </span>
     <span class='ocr_line' id='line_1_32' title="bbox 130 2809 816 2873; baseline 0 -17"><span class='ocrx_word' id='word_1_187' title='bbox 130 2810 236 2871; x_wconf 71' lang='lat' dir='ltr'>quendum</span> <span class='ocrx_word' id='word_1_188' title='bbox 257 2811 373 2873; x_wconf 71' lang='lat' dir='ltr'>appetitio</span> <span class='ocrx_word' id='word_1_189' title='bbox 508 2812 672 2858; x_wconf 82' lang='lat' dir='ltr'>nnecertuine</span> <span class='ocrx_word' id='word_1_190' title='bbox 684 2809 816 2873; x_wconf 75' lang='lat' dir='ltr'>aspiretion</span> 
     </span>
     <span class='ocr_line' id='line_1_33' title="bbox 129 2877 740 2939; baseline 0 -15"><span class='ocrx_word' id='word_1_191' title='bbox 129 2878 286 2939; x_wconf 74' lang='lat' dir='ltr'>principatus,</span> <span class='ocrx_word' id='word_1_192' title='bbox 508 2877 557 2924; x_wconf 76' lang='lat' dir='ltr'>ile</span> <span class='ocrx_word' id='word_1_193' title='bbox 567 2879 740 2938; x_wconf 71' lang='lat' dir='ltr'>preeminence‚</span> 
     </span>
     <span class='ocr_line' id='line_1_34' title="bbox 128 2942 834 3006; baseline 0 -18"><span class='ocrx_word' id='word_1_194' title='bbox 128 2953 153 2989; x_wconf 90' lang='lat' dir='ltr'>ut</span> <span class='ocrx_word' id='word_1_195' title='bbox 165 2945 264 2992; x_wconf 83' lang='lat' dir='ltr'>unimus</span> <span class='ocrx_word' id='word_1_196' title='bbox 508 2944 534 2989; x_wconf 85' lang='lat' dir='ltr'>ds</span> <span class='ocrx_word' id='word_1_197' title='bbox 546 2948 597 2990; x_wconf 81' lang='lat' dir='ltr'>telis</span> <span class='ocrx_word' id='word_1_198' title='bbox 607 2952 665 2990; x_wconf 81' lang='lat' dir='ltr'>soris</span> <span class='ocrx_word' id='word_1_199' title='bbox 676 2944 751 3006; x_wconf 87' lang='lat' dir='ltr'>qu&#39;uu</span> <span class='ocrx_word' id='word_1_200' title='bbox 760 2942 834 3005; x_wconf 87' lang='lat' dir='ltr'>esprit</span> 
     </span>
     <span class='ocr_line' id='line_1_35' title="bbox 128 3007 838 3072; baseline -0.001 -16"><span class='ocrx_word' id='word_1_201' title='bbox 128 3007 185 3057; x_wconf 86' lang='lat' dir='ltr'>bene</span> <span class='ocrx_word' id='word_1_202' title='bbox 197 3010 346 3058; x_wconf 71' lang='lat' dir='ltr'>insensatus</span> <span class='ocrx_word' id='word_1_203' title='bbox 363 3025 378 3058; x_wconf 78' lang='lat' dir='ltr'>e</span> <span class='ocrx_word' id='word_1_204' title='bbox 396 3017 483 3059; x_wconf 74' lang='lat' dir='ltr'>nature</span> <span class='ocrx_word' id='word_1_205' title='bbox 507 3010 562 3057; x_wconf 89' lang='lat' dir='ltr'>bion</span> <span class='ocrx_word' id='word_1_206' title='bbox 577 3009 652 3057; x_wconf 75' lang='lat' dir='ltr'>forme</span> <span class='ocrx_word' id='word_1_207' title='bbox 665 3025 708 3072; x_wconf 85' lang='lat' dir='ltr'>per</span> <span class='ocrx_word' id='word_1_208' title='bbox 718 3010 743 3056; x_wconf 80' lang='lat' dir='ltr'>lu</span> <span class='ocrx_word' id='word_1_209' title='bbox 752 3016 838 3056; x_wconf 75' lang='lat' dir='ltr'>nature</span> 
     </span>
     <span class='ocr_line' id='line_1_36' title="bbox 126 3076 881 3139; baseline 0.001 -20"><span class='ocrx_word' id='word_1_210' title='bbox 126 3077 183 3123; x_wconf 80' lang='lat' dir='ltr'>velit</span> <span class='ocrx_word' id='word_1_211' title='bbox 193 3091 278 3139; x_wconf 78' lang='lat' dir='ltr'>perere</span> <span class='ocrx_word' id='word_1_212' title='bbox 294 3078 394 3135; x_wconf 84' lang='lat' dir='ltr'>nemini¹</span> <span class='ocrx_word' id='word_1_213' title='bbox 508 3091 536 3121; x_wconf 82' lang='lat' dir='ltr'>sss</span> <span class='ocrx_word' id='word_1_214' title='bbox 547 3077 636 3124; x_wconf 84' lang='lat' dir='ltr'>venille</span> <span class='ocrx_word' id='word_1_215' title='bbox 647 3076 714 3123; x_wconf 75' lang='lat' dir='ltr'>obeir</span> <span class='ocrx_word' id='word_1_216' title='bbox 726 3077 741 3123; x_wconf 78' lang='lat' dir='ltr'>i</span> <span class='ocrx_word' id='word_1_217' title='bbox 755 3088 881 3136; x_wconf 82' lang='lat' dir='ltr'>personne,</span> 
     </span>
     <span class='ocr_line' id='line_1_37' title="bbox 127 3139 1048 3206; baseline -0.002 -19"><span class='ocrx_word' id='word_1_218' title='bbox 127 3143 171 3189; x_wconf 86' lang='lat' dir='ltr'>uisi</span> <span class='ocrx_word' id='word_1_219' title='bbox 183 3143 337 3206; x_wconf 68' lang='lat' dir='ltr'>precipieuti</span> <span class='ocrx_word' id='word_1_220' title='bbox 508 3141 578 3189; x_wconf 88' lang='lat' dir='ltr'>sinon</span> <span class='ocrx_word' id='word_1_221' title='bbox 591 3145 675 3189; x_wconf 60' lang='lat' dir='ltr'>&amp;celui</span> <span class='ocrx_word' id='word_1_222' title='bbox 686 3142 727 3204; x_wconf 89' lang='lat' dir='ltr'>qui</span> <span class='ocrx_word' id='word_1_223' title='bbox 736 3145 768 3188; x_wconf 87' lang='lat' dir='ltr'>lui</span> <span class='ocrx_word' id='word_1_224' title='bbox 776 3139 1048 3202; x_wconf 71' lang='lat' dir='ltr'>donne-despreoepos</span> 
     </span>
     <span class='ocr_line' id='line_1_38' title="bbox 126 3208 825 3271; baseline 0.001 -18"><span class='ocrx_word' id='word_1_225' title='bbox 126 3216 168 3255; x_wconf 77' lang='lat' dir='ltr'>sni</span> <span class='ocrx_word' id='word_1_226' title='bbox 180 3210 287 3265; x_wconf 76' lang='lat' dir='ltr'>docenti,</span> <span class='ocrx_word' id='word_1_227' title='bbox 508 3223 539 3254; x_wconf 90' lang='lat' dir='ltr'>ou</span> <span class='ocrx_word' id='word_1_228' title='bbox 549 3211 564 3255; x_wconf 74' lang='lat' dir='ltr'>is</span> <span class='ocrx_word' id='word_1_229' title='bbox 576 3213 634 3255; x_wconf 83' lang='lat' dir='ltr'>celui</span> <span class='ocrx_word' id='word_1_230' title='bbox 646 3209 687 3271; x_wconf 90' lang='lat' dir='ltr'>qui</span> <span class='ocrx_word' id='word_1_231' title='bbox 699 3208 825 3260; x_wconf 79' lang='lat' dir='ltr'>i&#39;instrnit.</span> 
     </span>
     <span class='ocr_line' id='line_1_39' title="bbox 125 3272 849 3338; baseline -0.001 -18"><span class='ocrx_word' id='word_1_232' title='bbox 125 3282 167 3321; x_wconf 78' lang='lat' dir='ltr'>eut</span> <span class='ocrx_word' id='word_1_233' title='bbox 176 3275 308 3338; x_wconf 74' lang='lat' dir='ltr'>imperanti</span> <span class='ocrx_word' id='word_1_234' title='bbox 508 3289 539 3320; x_wconf 91' lang='lat' dir='ltr'>uu</span> <span class='ocrx_word' id='word_1_235' title='bbox 551 3278 566 3321; x_wconf 74' lang='lat' dir='ltr'>&#39;s</span> <span class='ocrx_word' id='word_1_236' title='bbox 579 3279 638 3321; x_wconf 80' lang='lat' dir='ltr'>celui</span> <span class='ocrx_word' id='word_1_237' title='bbox 650 3275 693 3337; x_wconf 91' lang='lat' dir='ltr'>qui</span> <span class='ocrx_word' id='word_1_238' title='bbox 705 3272 849 3322; x_wconf 82' lang='lat' dir='ltr'>commende</span> 
     </span>
     <span class='ocr_line' id='line_1_40' title="bbox 122 3339 871 3403; baseline -0.001 -16"><span class='ocrx_word' id='word_1_239' title='bbox 122 3339 187 3401; x_wconf 86' lang='lat' dir='ltr'>juste</span> <span class='ocrx_word' id='word_1_240' title='bbox 195 3349 219 3389; x_wconf 85' lang='lat' dir='ltr'>et</span> <span class='ocrx_word' id='word_1_241' title='bbox 231 3341 348 3403; x_wconf 78' lang='lat' dir='ltr'>legitime,</span> <span class='ocrx_word' id='word_1_242' title='bbox 504 3341 638 3401; x_wconf 83' lang='lat' dir='ltr'>justement</span> <span class='ocrx_word' id='word_1_243' title='bbox 650 3349 673 3389; x_wconf 86' lang='lat' dir='ltr'>et</span> <span class='ocrx_word' id='word_1_244' title='bbox 687 3341 871 3398; x_wconf 62' lang='lat' dir='ltr'>legitimorum,</span> 
     </span>
     <span class='ocr_line' id='line_1_41' title="bbox 124 3407 773 3464; baseline 0.003 -11"><span class='ocrx_word' id='word_1_245' title='bbox 124 3421 199 3453; x_wconf 75' lang='lat' dir='ltr'>neusa</span> <span class='ocrx_word' id='word_1_246' title='bbox 208 3407 339 3464; x_wconf 76' lang='lat' dir='ltr'>utilitatis3</span> <span class='ocrx_word' id='word_1_247' title='bbox 507 3421 537 3453; x_wconf 88' lang='lat' dir='ltr'>eu</span> <span class='ocrx_word' id='word_1_248' title='bbox 551 3422 595 3453; x_wconf 88' lang='lat' dir='ltr'>vue</span> <span class='ocrx_word' id='word_1_249' title='bbox 612 3407 642 3454; x_wconf 90' lang='lat' dir='ltr'>de</span> <span class='ocrx_word' id='word_1_250' title='bbox 658 3407 773 3464; x_wconf 73' lang='lat' dir='ltr'>l&#39;utilit63</span> 
     </span>
     <span class='ocr_line' id='line_1_42' title="bbox 124 3472 740 3536; baseline 0 -16"><span class='ocrx_word' id='word_1_251' title='bbox 124 3487 154 3520; x_wconf 79' lang='lat' dir='ltr'>ex</span> <span class='ocrx_word' id='word_1_252' title='bbox 168 3488 217 3535; x_wconf 88' lang='lat' dir='ltr'>quo</span> <span class='ocrx_word' id='word_1_253' title='bbox 507 3472 671 3535; x_wconf 55' lang='lat' dir='ltr'>perquire-ds</span> <span class='ocrx_word' id='word_1_254' title='bbox 684 3475 740 3536; x_wconf 90' lang='lat' dir='ltr'>quoi</span> 
     </span>
     <span class='ocr_line' id='line_1_43' title="bbox 123 3536 912 3602; baseline 0 -16"><span class='ocrx_word' id='word_1_255' title='bbox 123 3538 269 3602; x_wconf 78' lang='lat' dir='ltr'>mugnitudo</span> <span class='ocrx_word' id='word_1_256' title='bbox 282 3538 358 3587; x_wconf 80' lang='lat' dir='ltr'>enimi</span> <span class='ocrx_word' id='word_1_257' title='bbox 373 3539 480 3598; x_wconf 79' lang='lat' dir='ltr'>exsistit,</span> <span class='ocrx_word' id='word_1_258' title='bbox 507 3540 531 3587; x_wconf 82' lang='lat' dir='ltr'>le</span> <span class='ocrx_word' id='word_1_259' title='bbox 542 3539 664 3600; x_wconf 76' lang='lat' dir='ltr'>prendens</span> <span class='ocrx_word' id='word_1_260' title='bbox 677 3539 755 3588; x_wconf 73' lang='lat' dir='ltr'>d&#39;dme</span> <span class='ocrx_word' id='word_1_261' title='bbox 769 3536 912 3601; x_wconf 67' lang='lat' dir='ltr'>inprouisis,</span> 
     </span>
     <span class='ocr_line' id='line_1_44' title="bbox 122 3605 748 3669; baseline 0.002 -17"><span class='ocrx_word' id='word_1_262' title='bbox 122 3605 320 3668; x_wconf 81' lang='lat' dir='ltr'>oontemptioque</span> <span class='ocrx_word' id='word_1_263' title='bbox 506 3613 531 3652; x_wconf 89' lang='lat' dir='ltr'>et</span> <span class='ocrx_word' id='word_1_264' title='bbox 543 3611 604 3652; x_wconf 83' lang='lat' dir='ltr'>ousss&#39;</span> <span class='ocrx_word' id='word_1_265' title='bbox 622 3606 644 3652; x_wconf 92' lang='lat' dir='ltr'>le</span> <span class='ocrx_word' id='word_1_266' title='bbox 660 3607 748 3669; x_wconf 80' lang='lat' dir='ltr'>mepris</span> 
     </span>
     <span class='ocr_line' id='line_1_45' title="bbox 121 3670 789 3720; baseline 0.001 -3"><span class='ocrx_word' id='word_1_267' title='bbox 121 3685 205 3718; x_wconf 82' lang='lat' dir='ltr'>rerum</span> <span class='ocrx_word' id='word_1_268' title='bbox 216 3670 390 3720; x_wconf 76' lang='lat' dir='ltr'>humanorum.</span> <span class='ocrx_word' id='word_1_269' title='bbox 507 3670 548 3718; x_wconf 85' lang='lat' dir='ltr'>ries</span> <span class='ocrx_word' id='word_1_270' title='bbox 559 3671 643 3719; x_wconf 85' lang='lat' dir='ltr'>uhoses</span> <span class='ocrx_word' id='word_1_271' title='bbox 654 3671 789 3720; x_wconf 76' lang='lat' dir='ltr'>homnines.</span> 
     </span>
     <span class='ocr_line' id='line_1_46' title="bbox 120 3735 870 3788; baseline -0.001 -3"><span class='ocrx_word' id='word_1_272' title='bbox 120 3735 174 3785; x_wconf 77' lang='lat' dir='ltr'>Neo</span> <span class='ocrx_word' id='word_1_273' title='bbox 184 3751 243 3786; x_wconf 75' lang='lat' dir='ltr'>vero</span> <span class='ocrx_word' id='word_1_274' title='bbox 255 3738 300 3785; x_wconf 78' lang='lat' dir='ltr'>ilie</span> <span class='ocrx_word' id='word_1_275' title='bbox 317 3739 354 3786; x_wconf 82' lang='lat' dir='ltr'>vis</span> <span class='ocrx_word' id='word_1_276' title='bbox 508 3738 541 3786; x_wconf 72' lang='lat' dir='ltr'>Es</span> <span class='ocrx_word' id='word_1_277' title='bbox 552 3753 581 3784; x_wconf 91' lang='lat' dir='ltr'>en</span> <span class='ocrx_word' id='word_1_278' title='bbox 594 3739 667 3785; x_wconf 71' lang='lat' dir='ltr'>veriti</span> <span class='ocrx_word' id='word_1_279' title='bbox 677 3746 739 3788; x_wconf 83' lang='lat' dir='ltr'>cette</span> <span class='ocrx_word' id='word_1_280' title='bbox 750 3738 870 3786; x_wconf 88' lang='lat' dir='ltr'>influenoe</span> 
     </span>
     <span class='ocr_line' id='line_1_47' title="bbox 121 3804 883 3867; baseline 0.003 -17"><span class='ocrx_word' id='word_1_281' title='bbox 121 3811 218 3852; x_wconf 65' lang='lat' dir='ltr'>ustura</span> <span class='ocrx_word' id='word_1_282' title='bbox 232 3804 381 3867; x_wconf 72' lang='lat' dir='ltr'>rationisque</span> <span class='ocrx_word' id='word_1_283' title='bbox 509 3804 538 3851; x_wconf 85' lang='lat' dir='ltr'>sle</span> <span class='ocrx_word' id='word_1_284' title='bbox 549 3804 574 3851; x_wconf 79' lang='lat' dir='ltr'>lu</span> <span class='ocrx_word' id='word_1_285' title='bbox 584 3811 670 3852; x_wconf 89' lang='lat' dir='ltr'>ueture</span> <span class='ocrx_word' id='word_1_286' title='bbox 684 3813 708 3853; x_wconf 86' lang='lat' dir='ltr'>et</span> <span class='ocrx_word' id='word_1_287' title='bbox 722 3806 751 3852; x_wconf 91' lang='lat' dir='ltr'>de</span> <span class='ocrx_word' id='word_1_288' title='bbox 765 3807 788 3854; x_wconf 74' lang='lat' dir='ltr'>le</span> <span class='ocrx_word' id='word_1_289' title='bbox 803 3805 883 3854; x_wconf 87' lang='lat' dir='ltr'>rnison</span> 
     </span>
    </p>
   </div>
   <div class='ocr_carea' id='block_1_5' title="bbox 120 3867 716 3932">
    <p class='ocr_par' dir='ltr' id='par_1_15' title="bbox 120 3867 716 3932">
     <span class='ocr_line' id='line_1_48' title="bbox 120 3867 716 3932; baseline 0.002 -15"><span class='ocrx_word' id='word_1_290' title='bbox 120 3878 248 3928; x_wconf 82' lang='lat' dir='ltr'>esspsrrs.</span> <span class='ocrx_word' id='word_1_291' title='bbox 506 3867 565 3916; x_wconf 89' lang='lat' dir='ltr'>n&#39;eet</span> <span class='ocrx_word' id='word_1_292' title='bbox 581 3884 621 3932; x_wconf 86' lang='lat' dir='ltr'>pos</span> <span class='ocrx_word' id='word_1_293' title='bbox 633 3872 716 3930; x_wconf 83' lang='lat' dir='ltr'>petite.</span> 
     </span>
    </p>
   </div>
   <div class='ocr_carea' id='block_1_6' title="bbox 0 0 1186 4634">
    <p class='ocr_par' dir='ltr' id='par_1_16' title="bbox 0 0 1186 4634">
     <span class='ocr_line' id='line_1_49' title="bbox 0 0 1186 4634; baseline 0 12"><span class='ocrx_word' id='word_1_294' title='bbox 0 0 1186 4634; x_wconf 95' lang='lat' dir='ltr'> </span> 
     </span>
    </p>
   </div>
  </div>
 </body>
</html>
