2474 4694
431 839 484 884 uss
505 840 637 896 neruine,
662 839 744 884 ιιιιιιι
766 839 808 885 ιιι.
1022 826 1079 887 565

156 953 191 999 Ac
203 953 307 1001 arbitror

155 1019 314 1066 surisdiotum

154 1083 225 1130 deiis
238 1086 333 1146 quidem

154 1151 509 1210 qusevidenturesseutilitutes

153 1224 237 1262 contra
246 1218 376 1277 justitium,

153 1282 307 1329 simulatione
322 1283 466 1345 prudentiss.

186 1348 238 1405 Sed,
253 1351 366 1409 qnoniam

153 1415 232 1475 primo
244 1414 305 1462 libro

152 1479 268 1527 duximus
279 1480 360 1528 oiiicia

153 1560 167 1591 ιι
183 1556 287 1608 quatuor
303 1547 411 1594 sontibus

152 1612 292 1667 honestetis.

152 1679 303 1726 versabimur
314 1679 337 1726 in
352 1678 449 1737 eisdem,

152 1758 226 1804 quum
240 1745 377 1792 docebimus

152 1811 491 1869 orrumsintiuimicsvirtutie

152 1889 180 1921 eo
194 1876 365 1937 quaeridentur
378 1893 428 1924 esse
439 1879 508 1924 utilis

152 1956 228 2004 neque
243 1954 307 1989 sunt.

152 2008 188 2053 Ac
201 2008 349 2068 disputatum
363 2016 398 2057 est
410 2009 505 2072 quidem

152 2072 182 2120 de
194 2074 329 2134 prudentie¹

151 2153 223 2200 quem
237 2142 329 2188 malitie
339 2141 392 2188 vult
406 2141 505 2199 imitari,

151 2205 255 2268 itemque
264 2206 293 2253 de
300 2208 407 2267 justitie.

151 2285 206 2334 quae
218 2284 254 2318 est
265 2287 357 2334 semper
369 2274 444 2321 uritis.

157 2336 219 2385 Duce
237 2346 316 2399 partes
327 2338 458 2386 honestatis

151 2414 208 2450 sunt
222 2406 329 2466 reliqum,

151 2484 253 2530 querum
265 2470 342 2518 alters
352 2472 458 2519 cernitur

151 2538 176 2581 in
195 2536 363 2599 magnitudine

150 2613 175 2647 et
192 2603 331 2661 prestantis

151 2668 226 2714 enimi
239 2668 386 2724 excellentis,

150 2733 227 2780 alters
237 2733 263 2780 in
281 2734 473 2782 conformatione

152 2808 175 2845 et
186 2799 350 2847 moderatione

150 2866 308 2912 continentie

150 2938 174 2976 et
192 2930 364 2992 temperentirc.

184 2995 273 3044 XXVI.
294 2997 430 3043 Videbatur
447 2996 506 3043 utile

152 3062 245 3125 Ulyssi.

105 3138 108 3142 “
151 3140 179 3174 ut
189 3128 288 3190 quidem
299 3134 375 3190 poeta
387 3129 474 3190 tragici

150 3194 310 3256 prodiderunt

150 3263 217 3322 (nam
229 3260 293 3322 apud
305 3260 445 3322 Homerum,

150 3328 270 3388 optimum
282 3337 414 3382 meterem,

131 3443 135 3454 ,
151 3393 221 3439 nulls
231 3393 335 3455 suspicio
349 3391 407 3438 telis

131 3459 135 3469 '
150 3469 186 3506 eet
198 3459 227 3504 de
241 3458 346 3518 Ulyssi);

151 3523 192 3570 sed
214 3523 341 3585 trsgoedite

151 3590 296 3638 insimulant
309 3605 364 3637 enm
380 3588 485 3636 voluisse

150 3656 317 3718 subterfugere
331 3656 444 3702 militiam

150 3723 306 3768 simulatione
316 3722 427 3769 insanior.

150 3789 284 3836 Consilium
298 3803 347 3834 uon
366 3787 503 3835 honestum.

154 3855 291 3910 «Mutilo,

151 3933 179 3967 ut
191 3921 279 3981 aliquis
295 3918 395 3965 fortusse
407 3917 503 3974 dixerit.

151 4001 262 4051 regnare,

537 955 567 1002 Et
577 957 602 1016 je
619 970 690 1017 pense

536 1036 601 1068 assez
616 1027 678 1068 avoir
686 1023 720 1068 ut
735 1021 772 1070 dit

536 1103 578 1134 sur
590 1103 627 1135 ces
637 1088 720 1135 choses
738 1087 769 1134 du
781 1088 860 1135 moins

536 1153 576 1215 qui
589 1155 722 1215 paruissent
734 1155 785 1201 erre
794 1154 835 1200 dos
848 1153 941 1203 uultis·

535 1229 618 1267 contre
628 1220 653 1266 lu
666 1220 761 1280 justice,

535 1301 578 1347 pur
589 1285 709 1332 semblent
717 1285 746 1332 de
758 1285 885 1348 prudente.

568 1351 638 1406 Mais,
649 1353 750 1413 pisisque

536 1415 595 1463 dene
607 1417 629 1463 le
641 1419 743 1480 premier
753 1417 813 1464 livre

536 1498 597 1529 nous
608 1497 683 1529 avons
696 1485 741 1529 tini
752 1483 788 1529 los
798 1481 891 1529 descire

536 1548 565 1595 tle
579 1558 663 1611 quatre
682 1564 779 1596 sources

535 1613 699 1668 d'honnctcte.
969 1613 1055 1680 [soum

536 1696 597 1727 noue
619 1695 680 1727 uous
708 1678 831 1727 tiendrons
856 1678 917 1726 deus
935 1681 1064 1728 ces-meme

535 1745 631 1808 lorsque
648 1761 711 1792 nous
728 1747 898 1806 enseignerone

533 1814 643 1859 comblou
655 1821 709 1859 sont
722 1813 843 1858 enuernies
859 1811 887 1857 ‹le
898 1810 922 1857 ln
932 1818 1000 1858 vertu

533 1893 572 1924 ces
584 1878 667 1925 choses
678 1879 720 1941 qui
730 1878 863 1940 peruissent
872 1879 921 1924 etro
933 1876 1005 1923 utiles

533 1952 556 1990 et
568 1961 597 1991 ne
609 1949 629 1991 lc
640 1953 695 1992 sont
707 1959 757 2006 pes.

535 2008 565 2057 Et
578 2011 595 2057 il
609 2026 624 2058 ιι
637 2015 673 2057 ete
689 2011 787 2058 disserte
799 2011 813 2056 lt
826 2009 850 2056 le
862 2010 936 2056 vc'ritsi

534 2090 575 2123 sur
588 2077 612 2123 la
624 2076 751 2137 prudence,

532 2156 578 2202 que
590 2143 614 2188 le
625 2157 680 2188 ruse
692 2152 749 2188 veut
758 2142 847 2199 imiter,

534 2205 597 2254 etde
613 2208 689 2254 meme
704 2223 745 2254 sur
756 2209 780 2254 ln
790 2207 889 2268 justice,

533 2273 575 2334 qui
587 2281 624 2320 est
637 2273 747 2334 toujours
759 2273 826 2320 utile.

534 2337 604 2386 Deux
617 2341 706 2402 parties
719 2338 747 2385 de
759 2337 905 2386 l'honnttete

534 2412 589 2451 sont
599 2404 712 2462 tie-reete,

535 2468 669 2531 (lesquelles
683 2471 749 2518 l’une
760 2476 796 2517 est
807 2483 852 2516 vus

533 2536 594 2583 dans
607 2538 632 2584 le
645 2535 767 2598 grandem·

533 2612 557 2647 ct
568 2603 592 2648 ln
606 2603 748 2663 supe'rioritci

533 2669 605 2714 d'une
615 2671 669 2715 ime
681 2666 825 2728 distinguite,

533 2732 619 2780 l’eutre
633 2733 694 2780 dens
710 2734 735 2781 le
747 2732 886 2795 disposition

530 2806 554 2846 et
564 2800 591 2846 lc
602 2800 668 2859 regle

534 2865 563 2912 de
575 2865 600 2911 le
608 2866 748 2912 continence

532 2938 557 2977 et
568 2931 596 2976 de
607 2931 631 2976 le
643 2932 801 2991 tempe'r·ence.

566 2995 657 3044 XXVI.
669 2995 689 3043 Il
702 2994 813 3041 semblsit
826 2993 884 3040 utile

533 3063 548 3109 δ
559 3062 589 3110 Ul
593 3077 656 3123 ysso,

532 3142 625 3175 commo
638 3127 741 3174 certuins
755 3128 835 3188 polites
846 3125 969 3185 traniques

534 3194 593 3240 l'ont
605 3194 719 3239 truusmis

532 3262 584 3321 (cur
595 3257 652 3306 chez
663 3258 776 3317 Hom'ere,

532 3325 649 3372 excellent
662 3335 756 3379 auteur,

533 3405 612 3438 aucun
630 3405 734 3452 soupoou
748 3389 779 3436 tel

532 3457 593 3503 n'est
604 3472 645 3503 sur
657 3456 768 3518 Ulysse);

532 3522 593 3568 meis
610 3523 644 3568 les
656 3520 775 3584 trngsirllcs

532 3595 644 3635 accusent
655 3588 691 3635 lui
705 3587 797 3633 d'svoir
808 3584 882 3631 roulrt

531 3669 556 3699 se
569 3653 668 3699 derober
684 3668 714 3699 ιιιι
728 3651 940 3699 service-militisine

531 3734 574 3780 per
587 3719 660 3766 fciute
673 3719 702 3765 de
713 3720 751 3779 (cn
766 3718 876 3777 seiguant
890 3717 923 3775 lu)
934 3714 1000 3762 totis.

531 3784 630 3832 Dessein
641 3799 689 3831 non
704 3783 816 3830 lionuete.

532 3872 542 3894 ι
559 3851 620 3897 tisis
634 3855 651 3896 il
664 3855 697 3896 lui
710 3853 762 3895 c'toit
775 3849 842 3907 utile,

530 3931 623 3963 comme
635 3916 766 3977 quelqu'uu
782 3915 897 3977 peut-etro
911 3926 971 3959 ιιιιιιι
983 3911 1027 3972 dit,

532 3983 560 4030 de
570 3984 665 4045 re'gucr.
