2364 4634
10 39 852 285 a

47 262 55 275 Ι

103 394 109 405 Ι

360 748 413 795 nss
432 748 564 805 nuruum,
590 748 674 794 siuns
697 748 717 793 ι.
939 734 997 792 119

57 866 182 931 sijmit
198 868 361 918 sesoedensru

58 936 169 983 »ἀῆναι

58 1000 150 1065 Iusque
161 1002 209 1050 ille
217 1003 312 1067 primus

59 1069 152 1117 intulit
163 1070 321 1118 uunsulstunt

59 1134 87 1182 in
99 1150 176 1183 susm
187 1135 305 1195 demum

58 1200 111 1255 hie.
125 1202 196 1250 lilius
207 1204 254 1251 viri

60 1269 157 1316 summi
169 1277 196 1317 et
206 1268 348 1325 elsrissimi,

59 1334 148 1383 retulit

59 1400 203 1449 ludunum
215 1401 402 1465 multiplicatum

59 1482 114 1515 uun
127 1467 211 1515 selum
222 1467 354 1530 repulsum,

60 1533 104 1581 sed
115 1534 292 1599 ignominiam,

60 1600 139 1647 stim
154 1600 331 1649 almitatem.

61 1665 185 1730 Dignitss
197 1666 263 1715 euim

61 1730 179 1780 urnsnds
190 1740 227 1779 est
238 1732 318 1793 deme,

61 1814 113 1847 nou
123 1798 257 1862 querende
265 1807 318 1848 tots

61 1880 94 1912 ex
107 1864 198 1922 domus

62 1946 110 1979 nee
126 1930 242 1980 domiuus
258 1930 338 1991 domo,

61 1996 106 2044 sed
117 1996 207 2045 domus

62 2063 219 2112 honestsnds
232 2072 269 2113 est
280 2064 387 2115 domino.

63 2130 97 2179 Et
109 2142 138 2177 ut
150 2130 176 2178 iu
189 2132 274 2180 uteris

62 2198 129 2245 nde
142 2195 253 2245 hebeuds

63 2278 115 2310 nen
127 2277 173 2310 sus
185 2264 273 2323 sulum,

62 2329 105 2377 sed
125 2331 199 2377 etism
212 2329 327 2389 eliorum,

62 2398 100 2443 sie
110 2395 138 2443 iu
151 2395 223 2445 durno
235 2395 341 2445 huminis
352 2397 421 2454 eluti,

63 2462 89 2508 in
102 2476 153 2525 qus
162 2471 188 2511 et
197 2462 303 2527 hospites
312 2463 384 2511 multi

63 2528 206 2590 recipiendi,

63 2604 88 2642 et
98 2594 235 2644 multitudo

63 2658 193 2710 hominum
207 2662 326 2726 cujusque
340 2663 404 2712 modi

63 2726 226 2785 admittentis,

63 2808 125 2842 curs
139 2794 248 2843 luitstis

63 2860 254 2910 sdhlbeudsest.

63 2927 145 2976 Aliter
153 2927 238 2976 domur
246 2928 328 2991 smpls

63 2994 94 3041 iit
104 3008 166 3056 seps
179 2993 290 3044 dedecori

62 3059 171 3120 demine,

63 3127 85 3174 si
100 3125 207 3175 solitudo
217 3135 254 3175 est
266 3127 291 3174 in
301 3142 343 3183 οις

63 3202 89 3240 et
99 3193 213 3247 mnxirue.
227 3195 248 3241 si
263 3194 402 3256 aliquando,

64 3259 115 3306 ulio
126 3258 233 3321 domino,

63 3325 138 3373 solite
150 3334 186 3373 est
195 3325 352 3389 frequentari.

64 3391 110 3441 Est
119 3393 184 3439 enim
195 3393 313 3452 odiosum,

63 3472 140 3520 quum
151 3457 241 3506 dieitur

64 3539 81 3571 s
94 3525 311 3587 pretereuntibus:

68 3609 79 3634 ι
91 3590 112 3639 0
123 3590 210 3638 domus
223 3592 331 3653 entique.

64 3656 128 3704 heul
142 3657 266 3705 dominare

66 3723 244 3787 dominoquem
252 3723 355 3786 disperii
370 3744 380 3769 ι

65 3789 137 3850 Quod
145 3790 242 3853 quidem
255 3791 311 3839 lieet
321 3790 399 3839 dicere

65 3857 91 3903 in
103 3858 187 3905 multis

65 3921 105 3970 his
116 3923 273 3987 temporibus.

455 867 557 929 t'ejouta
568 882 662 916 comme
673 867 805 915 secessoire

453 938 468 981 ir
481 951 507 981 re
518 935 638 982 derneure.

453 1000 560 1049 Iit-ainsi
572 1002 675 1049 celui-li
687 1002 709 1048 le
719 1001 823 1064 premier

453 1078 554 1130 apporta
570 1069 592 1115 le
603 1069 715 1115 consulut

453 1133 512 1181 dune
524 1151 551 1181 su
560 1135 684 1190 demeum

452 1201 558 1256 celulei,
571 1200 610 1247 fus
621 1201 679 1247 d'un
693 1199 788 1247 homme

452 1267 590 1327 tres-grand
602 1276 625 1313 et
642 1267 811 1327 tres-illustre,

451 1344 565 1396 rapporte

451 1400 512 1446 dens
526 1416 550 1446 su
563 1398 675 1447 demente
686 1399 803 1462 agundia

451 1466 646 1513 non-seulement
659 1481 692 1513 un
707 1467 782 1526 relus,

451 1534 512 1580 meis
524 1533 684 1594 l'iguominie‚

450 1609 471 1647 et
482 1609 595 1646 en·outre
607 1599 630 1646 le
643 1599 762 1647 melheur.

450 1667 486 1714 En
498 1664 553 1713 ellel
564 1667 589 1713 le
604 1665 699 1728 dignitd

449 1734 500 1780 doit
515 1736 564 1780 lltre
577 1738 648 1780 ornee
658 1734 768 1793 (relevde)
777 1746 821 1796 per
832 1730 857 1778 lu
870 1736 990 1788 demeare.

449 1814 479 1846 ne
491 1798 542 1846 doit
551 1815 593 1861 pas
603 1802 652 1846 erre
671 1799 786 1848 cherehee
798 1799 991 1862 (tindeltout-sn-

449 1865 478 1912 de
490 1865 514 1913 lu
528 1865 651 1922 demeure3
923 1865 992 1932 [libre

448 1939 472 1979 et
484 1932 506 1979 le
517 1936 604 1980 multre
613 1947 643 1979 ne
653 1935 700 1981 deit
712 1939 809 1996 perstre
821 1934 904 1978 honeri
912 1948 956 1996 per
967 1934 992 1981 ls

449 2000 510 2045 meis
525 1998 549 2045 le
562 1998 673 2046 demeare
858 1998 990 2063 [demeure,

449 2064 501 2112 doit
511 2067 562 2112 etre
575 2065 680 2112 honoree
690 2079 733 2127 psr
744 2064 767 2111 le
778 2069 874 2122 msitre,

448 2130 480 2179 Et
490 2146 583 2179 comme
595 2132 655 2178 dune
669 2132 889 2181 toutes-les·uutres
907 2130 990 2181 choses

448 2208 542 2260 compte
556 2197 606 2245 doit
617 2203 668 2246 dtre
678 2207 735 2245 tenu

449 2280 496 2310 non
508 2266 583 2311 de-eoi
595 2265 736 2315 seulement.

449 2332 510 2378 msis
521 2332 586 2377 ausui
597 2330 637 2378 des
647 2338 728 2378 sutres

448 2398 510 2444 sinsi
517 2394 875 2445 dnnslurnuisond’unhomrne
884 2395 987 2455 illustre,

448 2464 508 2511 dens
520 2465 622 2525 laquelle
634 2473 658 2511 et
667 2462 708 2511 des
725 2461 794 2510 irrites
806 2461 940 2512 nombreur

448 2530 545 2578 doivent
553 2534 602 2577 etse
617 2545 695 2589 reeus,

447 2606 470 2644 et
481 2612 529 2643 une
539 2597 670 2644 multitude

447 2663 579 2710 d’homrnes
595 2662 625 2710 de
636 2663 729 2726 chaque
740 2669 803 2709 sorte

448 2730 500 2777 doit
513 2733 563 2777 dtre
579 2730 679 2786 admisu,

447 2797 470 2844 le
481 2797 534 2844 sein
547 2796 605 2843 d'un
619 2804 783 2857 veste-espace

448 2863 500 2911 doit
508 2867 557 2910 etre
569 2865 675 2924 nppertd.

446 2931 590 2976 Antrement
604 2944 651 2976 une
666 2928 759 2975 maison
775 2934 841 2975 ruste

446 2995 542 3043 devient
551 3005 651 3042 souvent
661 3011 676 3042 e
687 2994 839 3043 de'shonneur

446 3064 512 3109 isson
526 3066 621 3118 msltre,

446 3130 466 3176 si
481 3129 506 3176 le
517 3128 620 3176 solitude
628 3135 665 3175 eet
676 3127 804 3186 denselle3

445 3203 469 3242 et
478 3204 583 3253 eurtum,
597 3195 617 3241 sl
631 3194 756 3252 autrefois,

446 3277 502 3309 sous
516 3278 547 3308 un
559 3271 628 3308 autre
638 3266 733 3318 maltro,

445 3329 491 3375 elle
500 3344 515 3376 u
524 3338 679 3375 err-coutume
691 3328 764 3375 d'dtre
775 3327 923 3391 frequentes.

446 3395 508 3442 C'est
518 3409 547 3440 en
560 3394 616 3442 silet
628 3394 790 3457 ‹lesupgrdsble²

444 3462 555 3524 lorsqu’il
565 3471 602 3508 eet
612 3460 648 3507 dit

445 3543 488 3590 pur
500 3529 534 3575 les
546 3534 655 3590 pusssnts
672 3541 678 3572 ι

445 3615 457 3638 s
470 3594 491 3643 Ο
501 3595 594 3642 maison
605 3595 713 3654 entique,

444 3660 526 3708 heles!
540 3670 567 3707 tu
578 3676 603 3707 es
618 3660 729 3723 possedeo

445 3742 489 3787 psr
503 3743 535 3773 un
549 3731 635 3773 muitre
647 3726 756 3774 combien
772 3723 895 3773 differenti
912 3744 923 3767 s

445 3793 478 3841 Ge
487 3807 534 3855 que
545 3795 560 3840 's
570 3793 594 3840 la
605 3800 679 3839 verite
694 3793 713 3839 rl
728 3789 866 3857 est-permis
879 3789 908 3838 de
918 3789 967 3838 dire

446 3859 596 3920 su-snjetde
608 3859 731 3921 beuueoup

446 3925 506 3974 dens
518 3941 557 3974 ees
570 3925 694 3988 temps-ei.
