2474 4694
398 809 452 852 urs
473 807 607 866 peroras,
632 809 715 852 arvus
738 810 769 853 ιι.
988 797 1044 855 tet

122 920 269 967 hominibus.

123 986 157 1033 Eu
171 987 235 1033 enirn
249 986 310 1047 ipsa,

121 1068 174 1112 quse
187 1053 294 1098 diximus
306 1049 424 1108 inanima,

121 1119 232 1179 pleraque
242 1116 325 1164 ellectu
336 1127 393 1164 sunt

121 1187 197 1245 operis
208 1184 344 1240 hominum,

121 1265 174 1309 que
187 1265 231 1296 nec
240 1249 393 1304 haberemus,

121 1315 167 1361 nisi
178 1331 265 1362 manus
277 1323 300 1362 et
314 1330 354 1361 ars

121 1383 285 1435 accessissent,

120 1463 163 1494 uec
176 1460 297 1494 uteremur
307 1445 345 1492 liis

120 1513 170 1559 sine
187 1513 396 1559 administratione

121 1578 256 1625 hominum.

120 1644 201 1706 Neque
213 1646 277 1691 cuim
290 1644 343 1691 ulle
355 1641 448 1690 curatio

119 1711 274 1765 valetudinis,

120 1792 196 1837 neque
210 1777 342 1838 navigatio.

120 1856 197 1903 neque
208 1843 367 1903 agricultura,

121 1922 197 1968 neque
213 1908 332 1969 perceptio

120 1980 143 2020 et
156 1973 304 2021 conservatio
317 1974 415 2033 frugum

121 2039 316 2101 reliquorumque
327 2038 460 2093 fructuum,

121 2108 236 2166 potuisset
246 2120 296 2153 esse

120 2175 253 2233 sineepera
262 2172 397 2217 hominum.

119 2237 176 2285 Jurn
188 2253 243 2284 vero

121 2311 144 2350 et
155 2303 289 2364 exportatio
298 2318 381 2349 earum
393 2313 472 2348 reruur

121 2370 208 2429 quibus
222 2368 407 2424 abundemus,

120 2445 144 2482 et
154 2435 258 2482 invectio
268 2449 350 2481 earum

121 2501 208 2561 quibus
220 2516 350 2562 egeremus,

121 2577 181 2614 essct
193 2579 259 2614 certe
270 2566 345 2626 uuila,

121 2632 168 2679 uisi
179 2633 287 2679 homines
299 2633 457 2694 fungerentur

121 2699 158 2744 lris
170 2699 318 2745 muneribus.

122 2764 259 2825 Eademque
268 2765 360 2811 ratione

122 2846 166 2876 uec
178 2831 270 2892 lapides
281 2828 408 2876 necessarii

122 2896 153 2941 ad
167 2905 277 2942 nostrum
291 2911 361 2941 usum

121 2961 288 3009 exciderentur
299 2976 311 3007 e
322 2971 393 3013 terra,

122 3042 165 3073 nec
176 3027 274 3081 ferrum,
287 3043 327 3079 ees,
343 3041 439 3081 aururu,

121 3092 230 3139 alulituru
242 3095 344 3154 penitus,

121 3158 272 3216 effoderetur,

122 3226 172 3270 sine
184 3226 265 3271 luliore

122 3302 144 3336 et
153 3307 227 3336 uranu
242 3290 376 3337 homiuum·

155 3356 198 3403 lv.
218 3356 291 3402 Tecta
302 3371 366 3409 vere.

122 3424 209 3482 quilius
221 3432 244 3468 et
253 3422 289 3468 vis
302 3422 418 3481 frigorum

122 3490 258 3549 pelleretur,

122 3564 145 3599 et
156 3556 270 3601 molestiae
280 3554 387 3600 culorum

122 3620 270 3675 sedarentur,

123 3687 185 3732 unde
199 3688 332 3748 potuissent

122 3761 164 3798 attt
176 3753 245 3799 initio

123 3817 173 3865 dari
184 3820 265 3880 generi
277 3819 391 3874 huruuuo¹

123 3893 164 3931 eut
176 3896 256 3946 posteo

123 3950 253 4008 subreniri,

503 934 551 964 nux
564 918 682 966 homiues.

503 984 539 1031 Eu
549 984 604 1031 ellet
616 1000 654 1032 ces
663 988 730 1043 clieta
740 989 839 1047 memes,

503 1066 549 1111 que
563 1067 624 1097 nous
633 1066 708 1098 ztvous
718 1052 765 1099 dite
776 1054 906 1112 inanimis,

502 1116 526 1162 lu
541 1117 637 1178 plupart
648 1127 691 1165 ont
700 1119 736 1165 ete
748 1119 856 1181 produits

502 1197 545 1244 par
557 1182 591 1228 les
600 1193 703 1230 travaux
715 1183 755 1231 <les
766 1185 882 1245 hommes,

502 1248 605 1309 lesquels
616 1258 639 1295 et
652 1265 712 1296 uous
724 1251 847 1300 n'eurions
860 1268 913 1315 pes,

502 1315 522 1360 si
537 1314 562 1360 la
576 1316 641 1361 ursin
656 1323 679 1362 et
691 1316 827 1365 l'iudustrie

503 1394 532 1425 ne
542 1381 652 1427 s'etaient
663 1381 765 1444 ajoutes‚

502 1456 525 1492 et
537 1461 598 1492 nous
609 1461 639 1493 ne
651 1447 882 1514 serious-pesusage
891 1448 964 1497 d'eux

502 1527 559 1558 sens
570 1512 642 1559 l'uide

503 1576 544 1623 des
555 1577 671 1625 hommes.

503 1642 534 1690 Et
547 1659 576 1690 eu
588 1643 643 1692 eliet
654 1646 680 1693 ui
691 1661 771 1694 aucun
784 1648 835 1695 scin

503 1708 531 1755 <le
545 1710 569 1756 la
580 1712 655 1770 sante,

503 1775 529 1821 ui
544 1777 693 1839 navigation,

503 1842 528 1889 ni
542 1843 701 1904 agriculture,

503 1908 528 1954 ni
541 1910 629 1955 recolte

503 1981 526 2019 et
537 1975 704 2021 conservation
717 1973 759 2021 des
768 1975 853 2037 grains

503 2047 527 2085 et
540 2039 572 2086 du
582 2039 695 2087 resterles
706 2040 788 2100 fruita,

503 2106 609 2153 u'eurait
624 2121 655 2168 pu
666 2109 715 2153 etre

503 2186 559 2216 saus
572 2173 594 2217 le
604 2172 690 2218 travail
703 2171 744 2219 ‹les
753 2171 869 2220 hommes.

503 2236 565 2284 llinis
579 2252 608 2283 en
621 2245 690 2284 outre

504 2312 527 2351 et
541 2303 710 2364 l'exportatiou
721 2302 750 2350 de
761 2318 800 2350 ees
811 2304 888 2368 objets

504 2369 561 2417 dont
573 2384 633 2415 nous
645 2370 943 2429 uuriuus-surabondunee¹

503 2444 527 2482 et
540 2435 712 2496 l'irnportstion
726 2435 754 2481 de
769 2450 808 2483 ces
822 2440 888 2494 obiere

504 2501 562 2548 dont
573 2516 633 2547 nous
643 2502 866 2563 auriens-mauque,

503 2567 575 2615 serait
587 2569 738 2614 ussure'meut
747 2568 822 2623 nulle.

503 2634 522 2680 si
536 2635 570 2680 les
580 2631 689 2679 hommes
698 2648 727 2680 ne
738 2633 916 2696 s'aequittaient

504 2699 532 2747 de
543 2714 581 2747 ces
593 2699 722 2746 fonctions.

503 2765 534 2813 Et
544 2781 585 2827 per
599 2764 624 2812 la
635 2768 712 2811 meme
723 2764 834 2826 anulogie

504 2835 527 2877 ui
541 2834 575 2877 les
586 2832 674 2892 pierres
687 2832 831 2879 necessaires

504 2913 565 2958 pour
578 2905 646 2943 notre
662 2912 736 2960 usage

504 2978 534 3008 ne
543 2962 646 3010 seruieut
655 2962 724 3010 tirees
738 2963 768 3009 de
780 2963 803 3010 lu
813 2970 884 3020 terre,

504 3028 529 3075 ni
544 3028 565 3074 le
579 3030 623 3083 ser,
637 3028 660 3075 le
671 3030 761 3085 cuiue,
775 3029 827 3089 l'or,

502 3094 575 3141 cache
591 3094 780 3154 prosonde'ment,

504 3176 534 3207 ne
544 3161 617 3208 seruit
631 3160 730 3219 deterre,

504 3228 592 3273 sunsle
601 3226 688 3273 travail

504 3301 527 3339 et
539 3295 562 3337 lu
571 3292 637 3338 rnuiu
649 3291 690 3338 des
701 3290 819 3338 hommes.

535 3356 581 3407 lv.
599 3358 661 3405 llinis
676 3359 710 3404 les
721 3359 836 3414 maisons,
1048 3408 1051 3413 ¹

504 3440 546 3486 pur
558 3424 684 3485 lesquelles
693 3431 716 3470 et
726 3423 751 3469 lu
761 3424 858 3485 rigueur
871 3421 912 3470 des
924 3422 1000 3473 iroids

503 3490 575 3537 seruit
586 3492 686 3543 icrrrtee.

504 3564 527 3603 et
539 3557 573 3603 les
585 3556 765 3604 inconvinIeuts
775 3555 816 3603 des
825 3555 936 3604 chaleurs

503 3622 720 3681 seruieutadoucis,

503 3688 561 3735 ‹l’oit
573 3691 756 3736 anteierit-elles
768 3705 800 3751 pu

504 3770 534 3801 ou
544 3755 598 3801 bien
614 3770 644 3801 au
655 3761 859 3802 commencemeut

503 3824 552 3867 etre
565 3820 668 3867 ‹lonnees
679 3836 710 3866 uu
722 3836 796 3884 genre
805 3819 916 3877 humela,

505 3902 536 3933 ou
551 3888 643 3933 ensuite
654 3890 705 3933 d'os's
715 3891 824 3934 aurat-il
833 3897 864 3943 μυ

503 3955 552 4000 etre
564 3953 745 4014 porte-secema
