2474 4694
397 753 448 797 ors
469 753 601 812 aaronis,
623 753 709 797 arrae
730 752 762 797 u.
989 738 1045 796 387

132 868 173 928 qni
186 866 363 915 administrabit

132 935 304 994 rempublicam

131 1002 267 1061 utquisque
278 1008 357 1046 teneat
371 1015 450 1052 auum,

131 1081 207 1126 neque
220 1066 353 1113 deminutio
366 1067 408 1112 iiut

131 1132 225 1193 publice

131 1198 159 1242 de
171 1198 240 1244 bonia
254 1199 411 1261 privatorum.

131 1263 257 1325 Philippus
267 1264 331 1310 enim
339 1264 471 1326 perniciose

131 1330 155 1374 in
169 1330 302 1384 tribunatu,

131 1409 205 1455 quum
218 1395 289 1443 ferret

131 1461 207 1521 legem
219 1462 351 1523 agrariam,

131 1541 202 1585 quam
216 1534 294 1573 tamen

131 1606 215 1652 passus
231 1600 267 1638 eat
282 1591 352 1639 facile

130 1658 261 1718 antiquari,

131 1732 154 1768 at
166 1722 191 1768 in
204 1738 232 1769 co
241 1738 266 1769 ee
280 1723 382 1784 proebuit

130 1789 281 1836 vehementer
294 1789 453 1842 moderatum

130 1853 171 1900 aad
184 1869 258 1915 quum
268 1855 397 1918 iungendo
434 1860 437 1866 '

131 1921 210 1966 multa

130 1986 287 2047 populariter,

130 2060 182 2097 tum
195 2051 256 2098 illud
267 2052 343 2099 male:

130 2132 179 2163 non
191 2133 241 2164 erae
252 2117 276 2164 in
290 2119 387 2164 civitate

130 2182 179 2229 duo
192 2183 269 2230 millia
281 2182 406 2229 homiuum

130 2251 171 2309 qui
183 2248 297 2295 haberent
310 2264 368 2295 rem.

130 2313 214 2362 Oratio
225 2316 345 2377 capitolia.

130 2391 153 2427 et
166 2381 286 2442 pertinens

130 2445 161 2493 od
175 2447 333 2506 aquationem
349 2445 484 2502 bonorum3

131 2526 178 2573 qua
189 2520 254 2574 perte

129 2592 184 2638 quie
194 2586 271 2639 potest
279 2592 329 2624 aare
339 2574 438 2637 mnjor?

132 2641 170 2690 Ob
182 2642 245 2690 hanc
262 2647 325 2690 anim
338 2658 435 2690 canaam

130 2710 246 2762 maxime,

130 2784 159 2820 ut
173 2782 280 2822 tenerent
289 2790 342 2829 ena,

131 2840 272 2902 respublicae
283 2842 438 2902 civitatesque

130 2907 267 2953 conatitutae
280 2915 346 2954 eunt.

130 2971 193 3019 Nam
208 2973 261 3026 etsi.
275 2980 362 3022 natura
373 2971 440 3026 duce,

131 3037 244 3086 homines
263 3040 483 3102 congregabamur,

132 3116 221 3157 tamen.
236 3120 277 3167 epe

130 3170 247 3217 custodie
261 3185 358 3218 auarum
377 3186 468 3226 rerum,

131 3237 272 3297 querebant

131 3301 245 3365 presidia
262 3300 367 3348 urbium.

164 3367 244 3429 Opera
255 3367 335 3414 danda
346 3376 382 3415 eet
391 3367 462 3414 etiam

131 3448 169 3490 ne,
185 3433 248 3495 quod
259 3433 331 3479 tiebat
343 3449 405 3496 aaepe

130 3499 195 3560 apud
206 3508 300 3545 nostroe
312 3501 414 3561 majorca

84 3576 87 3584 ·
130 3573 227 3626 propter
240 3566 379 3612 tenuitatem
392 3565 472 3612 oerurii

130 3631 343 3691 assiduitatemque
356 3632 485 3686 beliorum,

131 3696 249 3743 tributum
258 3696 430 3743 conserendum
441 3697 485 3753 ait;

131 3762 353 3824 providendumquo
367 3765 413 3811 erit

131 3830 209 3874 mutto
222 3838 277 3874 anta

131 3908 162 3940 ue
174 3893 197 3941 id
208 3894 310 3941 eveniat.

511 867 552 929 qui
562 866 731 914 administrare

511 932 535 979 la
548 933 695 995 reipublique,

510 1012 556 1060 qua
568 997 660 1045 chacun
674 997 748 1061 garda
759 997 782 1045 le
791 999 852 1056 aian,

510 1074 533 1111 et
544 1065 619 1125 qu'un
630 1062 821 1112 retranohement
828 1079 858 1111 ne
869 1079 894 1112 ee
909 1066 970 1113 insse
980 1080 1022 1127 poe

510 1129 754 1193 eunom-dupeuple

510 1211 552 1243 sur
562 1196 595 1243 ies
606 1197 674 1243 bien·
684 1196 725 1242 dcc
737 1196 894 1258 particuliera.

511 1262 620 1324 Philippo
631 1277 660 1309 an
670 1261 725 1310 eiict
734 1278 749 1308 o
759 1266 798 1321 epi
809 1262 1021 1325 perniciauaement

511 1327 571 1375 dane
581 1343 621 1374 eon
635 1328 751 1386 tribunat,

510 1393 619 1455 lorsqu’il
631 1395 719 1455 portait

512 1474 558 1505 une
570 1460 602 1507 ioi
613 1460 717 1521 agmine,

510 1524 614 1586 laquelle
625 1524 757 1586 cependant

510 1590 529 1637 il
541 1589 635 1637 aouffrit
644 1589 782 1638 iacticment

511 1659 561 1702 etro
570 1656 682 1719 abrogee‚

510 1728 534 1769 et
545 1736 574 1769 en
586 1722 638 1769 cela
647 1723 665 1770 il
678 1737 703 1770 ae
713 1729 809 1771 montra

510 1786 559 1834 sort
570 1787 682 1840 modiret

511 1853 572 1901 maia
586 1853 722 1917 d'unepert
730 1869 760 1901 en
771 1853 925 1915 huranguant

510 1923 529 1966 rt
544 1922 577 1966 uu
590 1920 713 1982 beaucoup
725 1919 754 1967 de
764 1919 848 1968 choica

511 1985 836 2048 d'une-maniare-populuire

511 2051 672 2115 &autre-part
685 2057 703 2099 r't
712 2054 745 2099 dit
753 2054 801 2098 oeci
813 2051 876 2098 mal:

512 2117 587 2164 n'etre
596 2118 665 2178 (qn’il
677 2119 719 2180 n'y
731 2118 797 2165 avait
806 2119 857 2180 pai)
867 2117 926 2164 dane
937 2117 962 2164 la
972 2116 1019 2165 cite

512 2181 574 2229 deux
585 2184 686 2230 milliara
696 2181 829 2231 d'homrnea

512 2248 552 2310 qui
565 2258 661 2295 enecent
670 2248 703 2295 du
712 2247 778 2294 bien.

513 2315 627 2362 Diacoura
640 2314 751 2362 criminel

512 2390 536 2427 et
548 2380 647 2426 tendant

512 2448 527 2494 a
541 2445 646 2508 l’egalite
658 2444 699 2491 dea
711 2444 792 2500 bicon

512 2527 540 2558 en
554 2512 718 2573 comparaison
727 2509 816 2572 doque!
826 2507 888 2555 flatu

513 2577 588 2639 lequel
601 2585 657 2638 peut
666 2577 715 2624 atre
726 2576 780 2638 plna
791 2571 889 2637 mand?

513 2642 548 2690 En
562 2641 616 2689 effet
628 2645 679 2689 e’eat
691 2657 752 2705 pour
762 2656 789 2689 ce
800 2639 873 2688 motii

513 2716 617 2765 aurtout,

513 2789 558 2836 qua
568 2777 598 2821 tes
610 2778 706 2837 ottonem
716 2771 855 2835 grndinem
867 2770 932 2820 lente
943 2773 1013 2828 uma,

512 2854 554 2899 qm
566 2840 599 2887 les
608 2840 678 2888 Ecca
686 2846 710 2888 et
720 2839 756 2889 lea
766 2840 825 2889 cite·

513 2914 557 2955 ont
565 2905 602 2955 ete
614 2907 708 2956 e'tablie.

513 2973 561 3022 Car
576 2975 688 3036 quoique,
701 2975 725 3022 la
737 2981 822 3020 nature
837 2974 899 3018 e'tom
911 2969 934 3017 le
943 2967 1026 3031 guido,

512 3039 546 3086 lea
557 3038 665 3087 hommes
677 3054 702 3087 ee
715 3038 904 3093 raeaemblaieut,

512 3105 654 3168 cependant,
665 3107 717 3153 c'ut
728 3104 789 3152 dana
800 3103 843 3151 l'aa
874 3101 895 3149 ir

513 3171 541 3217 de
554 3171 662 3234 lagarda
675 3172 829 3234 (protectioni
855 3167 945 3216 eleure
957 3166 1035 3218 bieria.

513 3237 582 3296 qa'iir
594 3236 749 3285 cherchaient

514 3303 548 3350 lea
560 3305 645 3365 appui·
655 3303 684 3350 de
697 3303 774 3350 villae·

546 3368 578 3415 Le
589 3369 641 3415 eoin
657 3368 707 3415 doit
718 3371 768 3416 atre
778 3366 857 3415 donne
869 3365 932 3413 anari

513 3435 564 3481 iace
573 3449 628 3496 que,
642 3450 669 3481 ce
678 3435 720 3496 qui
731 3449 756 3481 ae
767 3434 849 3481 fairait
861 3437 962 3480 convent

513 3499 571 3547 chae
582 3515 627 3548 noa
642 3504 749 3547 ancetrec

514 3566 650 3613 i-cauuc-de
661 3565 685 3614 la
701 3566 814 3629 pauvrete
826 3565 859 3613 du
872 3567 946 3612 trc'aor

514 3641 537 3677 et
550 3630 579 3678 de
593 3633 617 3679 la
628 3632 761 3680 continuit&
773 3631 814 3679 des
830 3646 938 3693 guerras.

515 3712 546 3743 un
559 3698 635 3759 impot
646 3713 675 3745 ne
687 3697 756 3745 doive
768 3712 810 3759 poa
822 3700 871 3745 atre
883 3697 954 3760 papir

514 3772 538 3809 ct
551 3762 568 3808 ii
584 3763 670 3810 iaudra
681 3765 796 3825 poorroir

514 3828 638 3891 beaucoup
651 3829 765 3876 d'arance

515 3896 567 3941 aee
579 3909 624 3956 que
635 3895 687 3941 cola
698 3895 801 3942 n'arrive
811 3910 860 3957 paa.
