2474 4694
401 796 454 840 uns
473 796 606 853 nnvorns,
629 796 713 840 uivus
734 761 791 841 rus
811 757 833 768 ⁴
990 787 1043 844 5⁰1

131 912 226 960 valebat
238 912 288 960 illis
298 913 455 976 temporibus.
510 912 690 961 avsitdeforce
706 912 767 961 dnus
777 926 817 962 ees
831 913 951 976 temps-lit.

128 981 209 1042 Atque
218 978 258 1027 hie
268 979 296 1026 T.
305 979 412 1028 blsnlius
422 979 485 1028 estis
510 980 543 1028 Et
551 993 578 1027 ee
591 979 620 1027 T.
633 979 740 1027 Msnlius
751 987 788 1027 est
799 979 862 1027 eelui

129 1048 182 1110 qui,
195 1053 280 1107 torque
292 1045 368 1101 Gelli,
511 1047 561 1107 qui,
574 1047 596 1093 le
607 1046 691 1093 oollier
702 1046 761 1094 d'un
777 1045 887 1105 Gsulois,

129 1127 202 1174 quem
212 1113 243 1159 ed
253 1113 370 1160 Anienem
511 1111 590 1174 lequel
600 1115 686 1174 supr'es
699 1112 729 1160 de
740 1113 823 1161 l'Auio

129 1186 274 1242 provocatus
282 1177 482 1238 ebeooeoidernt,
511 1180 632 1240 provoque
644 1194 685 1241 pur
696 1179 731 1227 lui
741 1178 759 1227 il
770 1179 836 1228 sveit
845 1180 893 1237 tud,

130 1245 247 1305 detrecto,
511 1246 677 1303 etentenlevd,

129 1312 223 1360 invenit
232 1326 379 1374 cognomem
512 1320 598 1359 trouve
609 1327 644 1359 un
655 1326 770 1370 suruom3

129 1380 201 1426 tertio
213 1379 341 1427 consulatu
353 1378 424 1441 eujus
512 1393 568 1426 sous
576 1379 601 1426 le
610 1379 730 1426 troisiems
741 1379 853 1428 eousnlst
864 1377 952 1440 duqusl

129 1444 212 1494 Latini
226 1444 275 1492 susi
512 1446 546 1492 les
557 1444 641 1492 Latius
652 1451 729 1506 parent
738 1445 939 1494 mis-en-deroute

129 1521 155 1559 et
168 1511 247 1575 fugati
262 1510 293 1558 sd
307 1510 415 1560 Veserim
428 1527 434 1554 ι
512 1519 536 1558 et
547 1511 702 1558 misen-suite
713 1514 767 1574 pres
778 1511 811 1560 du
822 1510 920 1560 Veseris
931 1526 937 1556 s

131 1591 238 1639 mugnus
250 1577 287 1625 vir
299 1577 325 1626 in
336 1578 429 1641 primis,
513 1576 592 1639 grand
602 1576 700 1626 homme
709 1584 775 1626 entre
786 1578 820 1626 les
830 1578 952 1642 prumien,
1012 1605 1016 1613 ·

130 1652 155 1690 et
186 1643 219 1700 ui,
512 1652 536 1691 et
565 1643 599 1700 ui,

130 1659 303 1773 perindulgens
317 1712 342 1757 in
354 1717 454 1774 petrem,
514 1657 703 1772 uei-indulgent
712 1725 797 1758 envers
808 1726 849 1758 eost
858 1712 920 1774 pere,

130 1775 195 1823 idem
207 1776 291 1824 uuerbe
302 1791 398 1825 severus
514 1777 537 1823 ls
548 1779 624 1824 meme
635 1781 671 1839 pt
682 1778 839 1826 ornellement
847 1779 928 1825 severe

128 1843 158 1891 in
171 1841 258 1889 filium.
513 1858 597 1890 envers
610 1857 650 1889 son
661 1841 710 1892 fils.

165 1908 270 1957 XXXII.
278 1909 334 1969 Sed,
346 1917 373 1959 ut
379 1908 488 1972 Regulus
546 1908 651 1958 XXXII.
666 1908 738 1970 bisin,
752 1924 844 1958 nomme
857 1910 965 1973 Regulus

132 1974 272 2022 leuduodns
515 1975 566 2023 doit
575 1977 626 2024 dtre
637 1976 692 2024 loud

131 2043 158 2088 in
169 2040 329 2104 jurejurando
516 2041 576 2089 dens
589 2041 611 2088 le
620 2049 726 2089 serment

131 2107 307 2164 eouservsudo,
517 2108 781 2166 deventetreobserve,

132 2173 215 2222 sioilli
227 2174 318 2231 desem,
516 2175 629 2221 ainricus
641 2173 785 2232 dixselduts,

117 2238 194 2302 'quos
208 2241 315 2288 Auuibul
516 2239 664 2302 qu'dunibsl

131 2312 188 2369 post
200 2322 305 2369 pugnum
316 2307 465 2357 Cannensem
516 2307 585 2368 apres
595 2306 621 2352 ls
631 2304 730 2353 betsille
739 2304 871 2354 des-Censes

131 2373 359 2423 misitsdsenstum
516 2387 610 2434 envoys
620 2386 673 2419 vers
684 2370 707 2418 le
717 2373 785 2419 se'uet

131 2440 230 2500 Jurstos
517 2438 784 2500 sysntprdtd-serment

133 2520 159 2550 se
170 2503 291 2552 redituros
303 2506 327 2552 in
338 2521 367 2552 eu
378 2513 467 2562 esstrs,
511 2507 659 2554 eux-memes
668 2502 751 2551 devoir
762 2504 857 2552 reveuir
868 2502 927 2550 dens
938 2518 965 2551 ee
975 2520 1053 2567 semp,

132 2585 236 2632 quorum
249 2570 317 2619 Pmni
328 2572 396 2634 potiti
407 2578 482 2627 eruut,
514 2572 573 2619 dont
588 2571 624 2618 les
637 2569 809 2632 Certbegiuois
819 2571 928 2618 s'eteieut
935 2573 1052 2633 empuriis,

133 2638 182 2684 nisi
195 2637 388 2698 impetravissent
515 2639 565 2685 s'ils
581 2637 703 2683 u'svuient
714 2651 757 2697 pus
766 2636 856 2684 obtenu
954 2634 1053 2695 [cheron

133 2701 163 2749 de
172 2703 272 2764 euptiris
283 2703 435 2759 redimendis,
515 2702 625 2765 su-eujet
637 2702 678 2749 des
692 2703 839 2764 prisonniers
853 2702 941 2750 devant
949 2705 999 2751 dtre
1013 2718 1053 2749 re-

134 2769 296 2830 vitupersndi,
516 2770 614 2817 doivent
625 2770 675 2816 dtre
686 2768 787 2826 blimes,

134 2835 155 2882 si
167 2849 217 2882 uon
232 2835 364 2882 redierunt.
515 2837 567 2883 s'ils
579 2850 609 2882 ue
622 2834 744 2882 reviurent
753 2848 805 2896 pes.

134 2899 171 2950 De
182 2900 270 2962 quibus
282 2917 364 2949 omnes
519 2900 631 2963 Au·sujet
641 2900 751 2961 desquels
763 2908 817 2948 tous
829 2904 860 2947 les
872 2901 992 2946 lsisteriens

134 2982 184 3014 non
196 2981 246 3015 uuo
258 2967 337 3015 modo.
518 2983 546 3016 ne
555 2975 671 3015 resonum
682 2981 724 3029 pes
734 2965 806 3014 d'une
816 2967 881 3014 seule
891 2967 1006 3014 muniere.

134 3033 199 3082 Nem
212 3032 339 3095 Polybius,
517 3035 565 3082 Cer
575 3032 675 3095 Polybe,

134 3101 214 3148 bonus
226 3106 310 3148 suetor
322 3102 346 3147 iu
363 3100 454 3164 primis,
516 3100 564 3149 bon
582 3110 668 3147 auteur
681 3099 789 3147 eutreles
800 3099 924 3162 premiere,

134 3166 221 3215 seribit
516 3167 577 3215 e'erit

133 3249 165 3280 ex
182 3231 263 3280 desem
279 3233 445 3295 nobilissimis,
518 3233 560 3280 des
571 3232 612 3280 dix
623 3232 658 3278 les
672 3231 727 3294 plus
739 3230 830 3289 nobles,

134 3300 177 3362 qui
190 3306 242 3346 tum
252 3300 319 3346 missi
335 3309 412 3356 erunt,
518 3300 559 3361 qui
572 3300 636 3346 elors
647 3299 789 3346 sveieute'td
800 3297 912 3358 envoyes,

135 3380 222 3413 novem
234 3365 365 3421 revertisse,
517 3365 578 3412 neni
587 3367 637 3412 titre
649 3379 758 3421 revenus,
1059 3360 1063 3416 Ι

136 3447 161 3478 re
173 3445 222 3478 uon
233 3430 362 3494 impeti-otu
517 3430 618 3478 l'uffeire
630 3435 730 3494 u'sysut
740 3444 783 3493 pes
795 3430 832 3478 ete
843 3429 945 3478 obtenue

135 3512 152 3543 s
165 3505 264 3553 senstu3
517 3497 549 3544 du
560 3499 642 3549 seustz

135 3577 213 3610 ursum
227 3577 257 3610 ex
268 3561 356 3624 desem,
515 3563 599 3610 nudes
610 3562 662 3620 dix,

136 3630 178 3691 qui
190 3630 263 3692 psulo
275 3639 330 3692 post
518 3629 559 3691 qui
571 3644 616 3692 pen
628 3630 697 3691 apres

135 3710 208 3756 qum
219 3710 330 3757 egressus
341 3704 390 3743 erut
517 3696 575 3758 qu'il
586 3697 645 3742 eteit
655 3693 715 3743 sorti

134 3763 245 3810 eenstris
517 3761 630 3824 duearnp

136 3828 247 3887 redisset,
518 3845 532 3887 y
545 3829 603 3874 etsie
616 3842 714 3883 revenu,

135 3897 206 3954 qussi
217 3895 307 3942 oblitus
319 3904 379 3941 esset
388 3893 488 3956 aliquid,
518 3909 610 3940 cornme
623 3894 660 3940 s'il
673 3894 739 3940 sveit
749 3892 829 3941 oublie
839 3890 941 3955 quelque
947 3888 1025 3937 ebose.

136 3963 281 4010 remansisse
295 3961 386 4010 Βοωω.
517 3963 566 4008 erre
577 3962 637 4007 reste
649 3962 663 4005 n
673 3960 756 4008 liniue.
