2364 4634
396 769 450 815 nas
469 766 604 826 butorus,
626 766 709 813 uvas
732 768 762 815 n.

119 901 173 950 quae
185 863 313 936 videantur
327 887 387 936 mibi

119 951 270 1017 probabllia5

119 1019 255 1082 improbare
353 1019 357 1027 '

119 1101 171 1147 qua
181 1092 277 1142 contrat

119 1161 190 1214 atqua
206 1152 320 1200 vitantem

118 1219 280 1279 arrogantiam
296 1217 440 1278 affirmandi,

119 1284 202 1345 iugera
216 1285 381 1343 temeritatem,

118 1365 172 1412 quae
183 1349 282 1397 dissidet
292 1353 423 1414 plurimum

118 1432 132 1462 a
145 1414 282 1478 sapientia?

118 1482 260 1545 Disputatur
272 1492 351 1531 autem

117 1560 203 1596 contra
215 1551 298 1598 omnia

93 1652 98 1663 .
117 1615 241 1672 anostris,

117 1680 181 1743 quod
194 1680 241 1729 hoc
254 1679 377 1744 probabile
392 1681 470 1744 ipsum

117 1763 164 1794 non
178 1757 257 1810 posset
269 1748 370 1804 elucere,

117 1815 163 1861 nisi
176 1815 298 1861 contentio
310 1829 437 1861 causarum

118 1879 182 1928 facta
192 1888 254 1928 essct

117 1961 145 1993 ex
156 1954 258 2008 utraque
270 1953 345 2008 parte.

116 2012 161 2059 Sed
174 2012 226 2060 hac
238 2013 367 2075 explanata
378 2020 435 2059 sunt

116 2078 470 2137 satisdiligentemutarbitror,

116 2146 140 2191 in
155 2146 247 2192 uostris
255 2145 417 2193 Academicis.

115 2211 169 2259 Tibi
181 2220 271 2270 sutem,
283 2213 316 2259 mi
328 2211 421 2272 Cicero,

115 2293 253 2340 quanquam
269 2279 372 2325 versaris

115 2344 140 2390 in
156 2342 308 2406 philosophia

115 2410 285 2471 antiquissima

117 2477 324 2537 nobilissimaque.

115 2542 229 2605 Cratippo
241 2550 347 2600 auctore,

115 2608 240 2656 simillimo
254 2608 285 2654 iis

116 2676 156 2735 qui
172 2680 313 2738 pepererunt

115 2742 162 2787 ista
176 2740 301 2804 praelata,

115 2815 194 2854 tamen
206 2807 274 2853 nolui

115 2873 167 2920 liaeo
179 2880 271 2925 nostru,

116 2940 219 2986 linitima
231 2938 324 2994 vestris,

116 3020 165 3052 esse
178 3007 270 3069 ignota.

115 3070 161 3119 Sed
173 3085 301 3134 pergarnus
311 3069 363 3130 jam

115 3137 145 3184 ad
157 3137 276 3185 instituta.
383 3135 471 3199 [tiones

147 3203 191 3252 Ill.
211 3201 325 3264 Quinque
339 3202 414 3263 igitur
430 3219 469 3248 ta-

116 3269 271 3332 persequendi
283 3266 355 3315 officii

115 3336 252 3398 propositis.

115 3418 217 3464 quarum
231 3401 286 3449 duas
298 3399 419 3463 pertinent

115 3467 145 3515 nd
159 3467 230 3515 decus
244 3467 452 3527 honestatemque.

116 3535 164 3581 duo
175 3534 207 3581 ad
219 3533 345 3581 commoda
357 3532 420 3583 vitas.

114 3601 203 3662 copias,
218 3615 283 3663 opes,
297 3598 437 3654 facultates,

115 3666 201 3727 quinta

114 3731 145 3778 ad
158 3733 277 3792 judicium
288 3731 401 3795 eligendi,

115 3800 135 3843 si
149 3797 247 3858 qnando
256 3812 283 3844 ea
297 3813 350 3859 quae
363 3797 413 3846 dixi

115 3864 253 3910 viderentur

117 3944 225 3993 pugnare
236 3931 298 3977 iuter
309 3944 342 3988 sc,

499 888 540 950 qui
553 887 687 950 paraiasont
696 888 712 934 b
722 885 769 934 moi

498 955 641 1017 probablen

499 1020 527 1066 do
540 1021 715 1082 desapprouver

499 1083 1039 1149 cellcsquimeporas'mntsunaus-contrairet

499 1155 625 1200 cteritant

499 1219 523 1265 la
536 1218 696 1281 presomptiou
709 1215 847 1279 d’affirmer,

499 1284 597 1333 d'eviter
609 1285 634 1331 la
646 1285 761 1340 tementis,

499 1353 540 1412 qui
551 1361 587 1399 est
599 1351 707 1411 &loignie
722 1349 744 1397 le
758 1349 812 1412 plus

500 1417 528 1464 de
538 1418 563 1464 la
574 1431 669 1480 sogesse
679 1413 692 1462 l

498 1481 533 1532 Or
543 1485 560 1531 il
570 1494 606 1531 est
615 1482 707 1530 discate

498 1560 580 1597 contre
595 1557 673 1597 toutes
685 1548 767 1597 choses

497 1631 540 1679 par
552 1617 586 1664 les
595 1617 676 1663 nbtres
685 1615 755 1677 (ceux
767 1612 797 1662 de
808 1619 878 1661 notre
887 1612 971 1676 eccla).

497 1698 569 1745 parce
580 1697 626 1744 que
638 1696 665 1729 ce
677 1680 791 1743 probabis
805 1683 883 1728 memo

497 1764 527 1797 ne
536 1750 645 1811 pourrait
655 1749 705 1795 etre
715 1747 924 1804 misen-lumiete,

497 1817 517 1863 si
531 1830 579 1863 une
591 1815 725 1862 discussion
738 1813 779 1861 des
790 1827 873 1860 causes

496 1878 587 1929 n'avait
597 1883 634 1929 e'te
643 1881 700 1927 faite

497 1947 526 1995 da
537 1948 728 1995 l'un-et-l'nutre
736 1961 800 1993 sens.

498 2015 559 2061 blais
571 2029 610 2061 ces
622 2013 706 2061 choses
718 2021 762 2059 ont
773 2013 810 2059 dte
821 2010 974 2074 developpe'cs

497 2095 563 2128 assez
573 2082 776 2142 soigucnsomeut.
790 2093 882 2127 comme
889 2077 915 2141 jo
924 2092 1003 2141 pensa,

497 2147 558 2194 ‹lans
569 2161 615 2193 nos
628 2145 812 2207 Academiques.

496 2213 558 2260 Mais
570 2227 631 2275 pour
641 2213 684 2268 toi,
696 2226 754 2259 mou
763 2211 874 2271 ciceron,

497 2280 601 2341 quoique
616 2286 642 2325 tu
656 2279 722 2324 vires

497 2344 558 2392 dans
571 2345 596 2391 la
610 2343 760 2405 philosophie

497 2411 521 2457 la
533 2411 586 2473 plus
599 2411 715 2458 ancienne

496 2485 520 2524 et
529 2478 553 2523 la
564 2478 618 2539 plus
630 2476 710 2532 noble,

497 2542 608 2605 Cratippe
619 2545 681 2588 itant
692 2551 729 2587 toa
741 2543 835 2597 maltro,

498 2609 600 2669 Cratippe
614 2606 809 2656 tres-semblable
820 2607 835 2654 b
846 2618 904 2654 ceux

497 2675 538 2736 qui
550 2683 593 2722 out
608 2673 705 2721 calante

496 2756 534 2788 ees
546 2741 671 2789 brillantes
684 2741 804 2796 doctrines,

496 2807 628 2870 cepemlaut
638 2807 663 2866 je
673 2804 870 2868 uhi-passoris

496 2888 534 2920 ccs
547 2874 655 2933 pre'ceptes
669 2875 759 2928 udtrss,

496 2941 588 2988 vcisins
600 2941 640 2986 des
650 2940 738 2995 vbtres,

494 3008 544 3052 &tre
557 3008 686 3054 inconcus.

495 3072 557 3119 blais
571 3073 730 3135 poursuivons
744 3070 924 3133 des-tprdaent
957 3094 968 3107 -=

496 3154 548 3185 vers
559 3139 593 3186 les
606 3138 689 3185 choses
704 3143 876 3186 commeantes.

528 3203 573 3252 111.
590 3205 658 3252 Douc
670 3205 725 3266 cinq
737 3202 861 3250 methodos

496 3269 526 3317 de
537 3271 679 3332 poursuivre
689 3272 712 3318 ls
725 3270 807 3316 devoir

496 3344 570 3397 ayunt
581 3338 618 3384 etc
629 3339 754 3400 proposdes
766 3334 893 3396 (c'tablies),

496 3402 628 3466 desquelles
640 3403 704 3450 doux
714 3407 865 3466 ont-rapport

495 3470 511 3515 is
521 3470 544 3515 la
553 3469 693 3517 bienseance
702 3476 726 3516 et
735 3469 889 3523 l'bonuetete.

496 3535 559 3582 deux
571 3550 620 3582 aux
632 3543 764 3598 avantagos
776 3534 804 3582 de
817 3536 841 3582 la
851 3535 897 3588 vic,

495 3601 620 3656 richcsses,
636 3604 782 3664 puissauces,
799 3613 942 3659 ressources,

494 3666 519 3712 la
529 3669 663 3730 cinquilema

495 3748 526 3780 au
545 3734 671 3797 jugement
693 3735 722 3782 de
741 3733 831 3782 choisir
844 3734 986 3796 (melicis),

495 3800 515 3845 si
530 3801 679 3862 quelquelois
694 3815 732 3848 ces
744 3799 827 3848 choses
837 3816 883 3864 que
893 3801 935 3866 J'ai
948 3802 1008 3848 dites
1058 3856 1062 3861 Ι

495 3866 653 3926 paraissaieut

495 3931 627 3982 combattre
638 3941 704 3983 entre
719 3933 786 3992 elles,
