2364 4634
211 40 285 81 uo

332 794 383 839 nas
399 792 538 851 ιιιιοιιε,
561 793 645 840 sirus
666 796 710 842 ιιι,
848 853 856 866 α
923 784 982 845 ¹173

58 909 124 974 quod
140 909 238 959 videeut

57 992 109 1026 ease
127 976 266 1034 honestum,
315 1014 319 1027 ι

57 1059 90 1093 ιιι
105 1043 206 1090 scientee

57 1125 84 1158 ss
98 1112 264 1157 contaminent
277 1108 381 1167 scelere,

58 1176 156 1225 facinus
169 1179 234 1224 enim

57 1243 123 1291 inest
134 1243 160 1289 in
172 1242 322 1291 dubitatione
336 1242 398 1305 ipsa,

57 1309 154 1356 etiamsi
166 1325 213 1357 non
224 1311 376 1373 pervenerint

58 1376 90 1422 ad
103 1375 137 1423 id.

58 1441 126 1503 Ergo
136 1456 171 1498 ea,

58 1509 84 1555 in
99 1508 187 1568 quibus
199 1506 339 1555 deliberatio
349 1507 401 1571 ipsa

59 1583 97 1621 est
106 1575 194 1635 turpis,

60 1655 111 1687 non
127 1639 283 1688 deliberande
295 1649 352 1688 sunt

60 1706 170 1754 omnino.

60 1774 140 1834 Atque
152 1774 223 1820 etiem

60 1854 114 1901 spes
126 1840 255 1900 opinioque

59 1906 155 1952 celandi
170 1915 193 1952 et
205 1903 342 1952 occultandi

60 1971 206 2021 remerenda
217 1981 253 2018 est

60 2052 90 2084 ex
104 2037 169 2085 omni
182 2037 361 2085 deliberatione.

60 2104 140 2152 Debet
151 2104 214 2151 enim

441 910 513 973 qu'ils
524 910 605 960 soient

440 980 490 1025 dtre
500 977 613 1039 honuete,

441 1059 473 1092 ou
486 1047 505 1090 le
520 1043 622 1093 suebant

441 1125 467 1157 se
478 1108 620 1158 souilleront
632 1109 690 1159 d’un
701 1110 776 1160 crime
785 1131 792 1169 ς

441 1191 471 1224 en
483 1175 538 1224 edet
550 1177 572 1224 le
587 1177 670 1225 iorieit

442 1250 478 1290 est
489 1241 550 1290 dans
563 1243 710 1292 l'heaitutlon
722 1247 807 1304 meme,

441 1309 497 1356 bien
509 1309 582 1371 qu'ils
592 1310 683 1357 n'eient
693 1326 735 1373 pas
749 1312 786 1358 ete

440 1375 680 1490 ''didimi'‘

443 1506 504 1555 duna
513 1507 639 1571 lesquelles
649 1509 674 1557 la
684 1508 841 1559 deliberatius
851 1509 984 1557 elle-meme

441 1583 477 1622 est
493 1573 616 1629 bonteuse.

441 1655 473 1752 3ο
484 1639 582 1689 doivent
592 1657 633 1705 pus
642 1645 692 1692 etro
703 1641 982 1691 misnen-deliberation

459 1722 474 1754 u
486 1712 547 1755 tout.

442 1771 474 1821 Et
486 1772 516 1819 de
526 1773 582 1835 plus

443 1839 589 1902 l'espersnce
601 1840 661 1889 etia
672 1855 791 1904 croysuoe

444 1904 473 1952 de
485 1904 572 1954 eseber
587 1915 611 1954 et
623 1906 651 1954 ds
662 1906 800 1956 diseimnler

443 1969 494 2018 doit
505 1974 555 2020 btre
565 1974 659 2022 dcurtee

443 2037 473 2084 de
483 2045 550 2086 toute
561 2038 727 2088 deliberation.

444 2105 491 2150 Cres·
500 2102 551 2153 doit
563 2120 592 2152 en
604 2104 659 2153 ed'et

60 2184 111 2217 esse
120 2171 179 2216 satis
187 2183 324 2231 persuasum
337 2169 414 2226 nobis.
442 2172 492 2217 etro
505 2172 570 2218 essee
581 2172 696 2233 persuade
708 2174 723 2220 b
734 2188 803 2234 nous,

61 2237 80 2284 si
93 2236 164 2283 modo
175 2236 318 2298 proiecimus
325 2234 417 2297 reliquid
444 2237 464 2283 si
483 2237 616 2285 seulement
640 2253 701 2284 noire
720 2253 795 2287 orons
812 2239 937 2302 progressd
955 2252 984 2284 en

60 2303 86 2350 in
97 2301 258 2366 pbilosophis.

61 2370 82 2416 si
95 2368 213 2431 possimus
224 2370 302 2416 calare

61 2450 146 2484 omnes
157 2435 213 2482 deos
223 2433 389 2497 hominesque,

62 2500 125 2549 nibil
135 2509 218 2549 tumen

62 2567 200 2615 iaciendum
210 2582 261 2614 esse
270 2581 350 2627 erere,

62 2634 124 2681 nihil
136 2635 235 2696 injuste,

62 2699 126 2747 nihil
139 2700 277 2756 libidinose,

62 2766 126 2814 nihil
138 2766 324 2814 incontinenter.

96 2832 140 2880 IX.
159 2833 222 2880 Hinc
236 2833 278 2880 ille
287 2832 369 2896 Gyges

63 2898 188 2947 inducitur
200 2915 215 2946 ιι
225 2899 332 2960 Platone,

64 2966 117 3027 qui,
132 2980 206 3028 quum
223 2976 287 3013 terrs

65 3032 214 3080 discessisset

64 3098 208 3160 quibusdem
219 3099 337 3148 imbribus

65 3166 175 3227 mugnis,

65 3231 186 3279 descendit
197 3232 222 3279 in
231 3231 303 3280 illum
314 3231 418 3291 bialum,

65 3297 290 3361 animadvertitque‚

65 3372 94 3411 ut
106 3364 187 3411 ierunt
198 3365 295 3423 fabule,

65 3445 154 3492 equum
171 3446 268 3481 [ereum.

65 3497 92 3543 in
104 3497 219 3544 lateribus
233 3498 305 3560 cnjus

67 3562 131 3611 iores
144 3571 234 3620 essent:

67 3629 155 3690 quibus
168 3631 266 3692 sportis,

67 3695 129 3743 vidit
138 3710 224 3759 eorpus

67 3760 174 3809 hominis
187 3763 276 3811 mortui

69 3829 238 3890 magnitudine
248 3829 372 3885 inusitate,

69 3896 236 3959 annulumque
246 3910 345 3944 aureum

70 3962 95 4007 in
112 3962 202 4025 ‹ligit03

443 2301 504 2349 dune
518 2302 544 2350 la
553 2303 710 2366 philosophie,
792 2305 903 2367 [quelque
914 2302 985 2351 cboee

443 2369 463 2416 si
476 2382 538 2416 nous
550 2370 668 2433 pendens
681 2372 855 2419 rastar·cscbes

444 2437 524 2482 'stous
534 2434 569 2482 les
581 2433 652 2483 dieux
665 2447 688 2484 et
699 2438 714 2484 b
727 2444 775 2483 tour
788 2437 823 2486 les
833 2437 949 2492 hommes,

443 2500 688 2646 zlffiaeol'izflgg‘w
700 2569 875 2628 erec-averice,

444 2647 495 2680 nen
509 2642 701 2695 eveo-rnjustroe,

443 2700 495 2747 rien
509 2699 712 2758 arec-debsuche,

443 2766 495 2813 rien
508 2767 754 2814 aveo-incontinenoe.

477 2831 523 2880 IX.
541 2831 578 2880 De
589 2832 743 2896 ltceGygbe

444 2906 480 2946 est
489 2897 608 2947 introduit
619 2914 663 2962 par
675 2900 769 2956 Pluton,

444 2963 533 3027 lequel,
545 2979 638 3013 comme
648 2965 673 3013 la
687 2975 748 3014 terre

445 3029 626 3080 s'etsiteoerres

449 3111 492 3159 par
502 3099 620 3145 certaines
636 3097 714 3161 pluies

445 3162 559 3226 grandes.

447 3229 569 3277 descendit
582 3229 642 3278 dens
653 3236 713 3278 cette
722 3239 859 3289 ourerture,

446 3303 470 3344 et
484 3303 592 3359 sperent,

447 3377 540 3475 consulque
552 3367 690 3476 :slqipertent
706 3363 740 3411 les
752 3361 836 3425 labier,

448 3442 550 3476 uuoev
604 3429 719 3484 '-arraiu‚

449 3493 510 3541 dans
521 3495 556 3542 les
566 3493 642 3542 ilancs
654 3493 743 3558 duquel

448 3559 490 3607 des
501 3568 580 3623 portes
591 3561 695 3616 etaientr

449 3626 576 3689 lesquelles
586 3636 661 3690 ayant
671 3630 708 3675 ete
719 3636 835 3688 ouvertes,

449 3693 467 3739 il
480 3693 515 3739 vit
525 3694 547 3740 le
557 3707 628 3756 corps

449 3758 508 3805 d'un
520 3757 616 3807 homme
625 3767 690 3808 mort

450 3824 522 3872 d’une
536 3826 659 3888 grandem·
668 3825 856 3875 extraordiuuire

450 3899 473 3937 et
485 3906 517 3936 nn
531 3906 626 3939 anneau
638 3893 701 3941 (ι’-οι

451 3960 465 4003 'a
476 3972 516 4003 ron
529 3957 611 4020 doigt3
