2474 4694
108 650 146 708 30
403 661 439 706 un
461 659 584 706 urricus
606 661 685 706 uruen
711 663 728 706 ι.

105 774 331 848 εοῃ]υςί,1ἰὶ>θτίε,
342 774 494 846 ceterisque
503 790 571 847 quos
581 790 660 830 curos
670 774 769 830 habent
782 777 905 846 tuerique
920 776 1031 832 debeat.
1108 826 1111 833 ,

105 884 173 952 Qum
185 898 249 937 cura
260 881 407 937 exsuscitat
420 882 503 936 etiam
517 881 632 948 animos,
646 888 674 936 et
688 882 805 952 majores
819 881 852 936 ud
868 899 924 938 rem
939 899 1033 954 geren·

105 990 167 1044 dem
186 988 259 1043 lecit.
281 988 467 1059 lmprimisque
488 986 606 1042 hominis
624 994 665 1043 est
686 987 794 1061 propria
814 988 870 1042 veri
890 989 1033 1060 inquisitio

104 1104 186 1166 atque
205 1093 384 1162 investigatio.
401 1094 505 1164 ltaque,
525 1109 607 1164 quum
623 1107 719 1147 sumus
735 1091 898 1147 necessariis
912 1092 1032 1162 negotiis

104 1200 230 1270 curisque
245 1198 334 1262 vacui,
354 1205 410 1252 tum
432 1214 544 1253 evemus
562 1197 664 1269 aliquid
685 1197 788 1263 videre,
809 1196 912 1263 audire,
934 1197 1032 1253 nddis-

104 1321 179 1371 oere;
188 1308 421 1379 cognitionemque
432 1324 522 1362 rerum
533 1315 580 1363 aut
592 1307 760 1363 occultarum
773 1314 822 1361 aut
830 1306 1029 1362 admirabilium

104 1411 137 1467 ad
148 1414 226 1469 beate
240 1386 386 1469 vivendum
401 1414 582 1469 necessariam
596 1413 731 1468 ducimur.
740 1414 778 1467 Ex
791 1427 845 1484 quo
860 1412 1028 1483 intelligitur,

104 1522 175 1592 quod
191 1540 293 1589 verum,
303 1523 418 1596 simplex
432 1525 621 1595 sincerumque
634 1525 679 1590 sit,
691 1524 715 1579 id
727 1541 787 1580 esse
799 1524 1031 1580 naturaehominis

103 1629 281 1700 aptissimum.
291 1631 360 1686 lluic
373 1629 431 1685 veri
440 1629 548 1685 videndi
559 1630 696 1701 cupiditati
710 1631 837 1702 adjuncta
847 1638 891 1686 est
899 1632 1029 1703 appetitio

103 1733 228 1804 quaedam
252 1735 430 1808 principatus,
445 1743 475 1790 ut
495 1736 595 1790 nemini
617 1751 712 1807 parere
730 1737 836 1790 animus
855 1737 927 1792 bene
948 1738 1030 1792 iniur-

103 1845 192 1893 matus
206 1854 220 1892 a
236 1846 333 1893 natura
349 1841 423 1909 velit,
440 1840 492 1894 nisi
506 1840 683 1911 praecipienti,
698 1840 872 1906 autdocenti,
889 1849 946 1908 eut,
956 1841 1029 1895 utili-

104 1944 269 2010 tutiscausa,
282 1945 357 2015 juste
370 1952 397 1999 et
412 1946 529 2015 legitime
540 1946 684 2017 imperanti
696 1963 702 2015 ;
712 1962 745 2001 ex
755 1961 809 2018 quo
823 1946 905 2001 animi
920 1949 1029 2019 megui-

104 2050 167 2106 tudo
180 2050 295 2116 exsistit,
307 2051 540 2122 humanarumque
554 2068 643 2107 rerum
654 2053 828 2124 contemptio.
838 2054 967 2109 Necvero
980 2054 1028 2110 illu

103 2171 185 2226 parva
201 2155 242 2210 vis
264 2163 368 2232 naturae
389 2164 433 2212 est
452 2155 635 2228 rationisque,
649 2156 722 2228 quod
747 2174 831 2212 unum
856 2159 908 2214 hoc
925 2159 1027 2215 animal

102 2391 198 2447 memes,
220 2391 283 2437 maie
307 2393 322 2439 l
339 2391 392 2439 leur
412 2391 508 2445 femme,
528 2393 543 2438 t
560 2392 625 2440 leurs
640 2390 746 2450 ensnuts,
760 2392 775 2439 l
788 2397 844 2439 tous
867 2405 928 2438 ceux
950 2392 1026 2454 qn'ils

103 2492 195 2539 eiment
207 2491 309 2554 etqu’ile
320 2491 418 2540 doivent
426 2496 547 2556 protegor.
558 2493 603 2541 Ces
611 2492 677 2539 suine
691 2493 801 2539 tiennent
812 2491 905 2555 l’esprit
917 2506 946 2539 en
960 2493 1024 2542 ducii

101 2599 125 2639 et
147 2591 169 2639 ie
187 2591 288 2640 tendent
306 2593 361 2655 plus
372 2593 472 2655 ccpnble
487 2591 575 2655 d'ngir.
592 2591 653 2638 Mais
676 2606 703 2639 ce
720 2594 761 2654 qui
774 2600 811 2641 est
823 2599 921 2641 surtont
939 2608 1027 2656 propre

101 2695 116 2741 ie
130 2692 254 2750 l'homme,
268 2694 326 2742 c'cet
337 2692 426 2740 l'etude
436 2701 459 2741 el
472 2694 496 2739 le
509 2691 638 2740 recherche
649 2690 678 2738 du
698 2692 723 2739 lu
735 2693 818 2739 verite.
830 2695 913 2751 Aussi,
928 2696 1026 2758 lorsque

102 2805 163 2838 noue
172 2805 275 2838 summes
282 2790 355 2837 libres
365 2789 393 2836 de
403 2790 497 2836 seinset
506 2788 634 2846 d’affeires,
643 2805 704 2837 nous
712 2790 821 2837 desirons
829 2792 891 2848 noir,
899 2792 1024 2853 entendre,

102 2889 233 2955 npprendre
248 2891 351 2953 quelque
371 2889 455 2947 chose;
475 2906 537 2939 nous
559 2906 664 2954 pensons
687 2906 732 2953 que
753 2891 777 2938 ln
794 2893 968 2941 connaissance
983 2893 1025 2942 dos

101 3001 188 3042 secrete
203 3008 235 3039 ou
251 2993 293 3040 dee
312 2992 445 3040 merveillee
461 2991 490 3040 de
502 2993 527 3040 le
535 2999 621 3040 nature
632 3001 668 3040 est
679 2993 858 3056 indispensnble
870 3010 902 3042 au
913 2995 1025 3045 bonheur

101 3090 129 3139 de
141 3091 166 3139 ln
177 3090 214 3136 vie
229 3107 235 3136 ι
247 3097 271 3137 et
284 3106 327 3153 per
341 3091 366 3137 lt
378 3090 394 3137 il
407 3098 443 3137 est
456 3092 505 3139 nise
515 3091 544 3139 de
563 3092 616 3139 voir
628 3108 673 3154 que
685 3107 711 3140 cc
728 3094 769 3154 qui
782 3101 819 3139 est
829 3093 891 3154 vrni,
903 3094 988 3156 simple
1001 3101 1024 3142 ot

101 3207 157 3255 pur,
171 3200 206 3238 cet
217 3195 271 3239 toul
282 3192 297 3238 δ
309 3189 354 3237 snit
364 3192 510 3239 conveueble
520 3193 535 3238 ὲ
546 3192 571 3238 lu
582 3200 667 3239 nnture
679 3191 840 3240 del’homme.
854 3192 877 3239 A
889 3199 927 3238 cet
938 3207 1024 3240 amour

102 3292 130 3339 du
139 3293 164 3340 ln
175 3294 248 3341 verite
257 3308 282 3340 ee
294 3301 376 3342 trouve
385 3294 450 3356 joint
462 3310 495 3341 uu
515 3295 606 3342 ccrtnin
626 3294 688 3342 de'sir
706 3293 911 3357 d'inddpcndnuce
924 3295 965 3356 qni
981 3295 1025 3342 luit

102 3397 176 3458 qu’un
191 3395 287 3444 homme
297 3396 352 3443 bien
373 3397 403 3442 nri
415 3411 443 3443 ne
457 3404 513 3443 veut
529 3397 595 3444 obdir
612 3399 626 3443 is
639 3412 766 3460 personne,
781 3397 801 3443 si
820 3411 846 3442 ce
858 3396 921 3443 n'cst
933 3399 947 3442 i
961 3411 1022 3444 ocux

101 3497 142 3561 qui
156 3497 326 3555 l'instruieent,
345 3513 376 3544 ou
396 3497 438 3559 qui
454 3497 489 3545 lui
505 3498 684 3556 commendent,
703 3499 763 3545 dnus
774 3498 878 3545 l'inte'ret
896 3514 1021 3560 commun,

101 3598 167 3647 selon
178 3598 324 3660 injusticeet
334 3597 367 3645 les
375 3597 419 3645 lois
427 3614 433 3644 ε
442 3597 471 3646 de
481 3599 505 3645 ld
512 3598 617 3646 naisseut
624 3600 647 3647 ln
655 3598 776 3662 grundeur
787 3597 865 3645 d'dme
872 3605 896 3647 et
903 3600 925 3647 le
933 3603 1022 3665 me'p1·is

102 3698 145 3747 dee
157 3699 241 3748 choses
252 3699 386 3747 humeines.
400 3700 464 3749 C'est
479 3716 563 3749 encore
572 3717 605 3749 un
618 3700 698 3765 grand
713 3708 831 3761 eventage
848 3700 876 3748 de
894 3702 919 3750 lu
935 3711 1022 3752 nature

101 3805 164 3855 etde
176 3807 200 3854 le
212 3808 300 3861 raison,
314 3821 361 3870 quo
372 3806 487 3856 l'hommc
498 3807 558 3868 seul,
580 3817 647 3858 entre
664 3816 718 3858 tous
729 3808 763 3854 les
781 3810 842 3854 [tres
855 3811 955 3867 animis,
970 3820 1022 3860 sent
