2364 4634
636 42 643 57 t

10 23 840 310 m

596 132 664 169 Ο.

10 306 31 339 Ι,Ι
101 326 162 347 .-

456 354 478 381 Α

392 790 447 837 nas
465 788 597 847 umores,
622 788 705 834 arran
726 789 746 834 1.
969 771 1023 828 119

99 916 125 956 et
136 906 275 956 inlamiam.
488 918 512 955 et
528 907 663 955 d'iniatnie.

100 974 167 1022 Sunt
178 976 244 1023 euim
489 976 527 1024 Eu
537 974 592 1023 alies
603 976 620 1023 il
632 985 669 1023 est
680 977 716 1021 des
728 989 782 1033 pena

98 1041 146 1104 qui
156 1047 270 1090 constent
282 1056 369 1104 parurn
382 1040 429 1088 sibi
489 1042 530 1104 qui
542 1040 718 1089 aontd'sccord
728 1056 772 1103 pen
782 1056 839 1090 avec
851 1043 1003 1092 anx-memes

98 1108 127 1155 iu
143 1109 216 1155 rebus
226 1110 361 1165 contrariis,
489 1108 548 1155 daus
559 1109 594 1156 les
604 1108 689 1157 choses
703 1108 843 1167 contraires,

100 1182 262 1222 contemnant
278 1174 427 1238 voluptatem
488 1175 758 1237 mdpriaentlavolnpte

99 1241 262 1302 avarissime,
487 1241 911 1304 avec-unc-tris-grandaausteritd,

98 1308 152 1355 siut
163 1307 287 1355 molliores
297 1308 324 1355 in
335 1306 418 1357 dolore
432 1324 439 1365 ς
487 1317 543 1355 sont
553 1317 608 1370 trop
619 1324 690 1355 mons
702 1308 762 1354 darre
775 1309 800 1355 la
811 1308 929 1365 doulenr3

99 1375 232 1438 negligant
243 1374 361 1437 gloriam,
487 1373 635 1435 dedaignent
647 1376 671 1422 la
682 1375 768 1435 gloire,

100 1440 251 1502 frangantur
260 1440 364 1487 infamia
376 1456 384 1489 t
487 1452 543 1489 sont
555 1443 630 1488 briae's
643 1440 758 1502 (altoltus)
771 1455 814 1503 par
824 1440 954 1488 i'assront·

100 1515 176 1569 utque
186 1522 214 1553 ea
227 1506 327 1569 quidem
487 1518 511 1554 et
522 1523 560 1555 cas
569 1507 653 1554 choses
664 1510 678 1555 it
689 1508 713 1555 la
727 1509 800 1553 verite

100 1589 153 1620 nou
165 1574 224 1621 satit
236 1581 385 1621 constanter.
487 1589 529 1636 pas
541 1590 606 1621 assez
625 1584 831 1621 avec-constance.

101 1639 151 1688 Sed
162 1641 193 1686 iia
488 1641 550 1687 Mais
563 1644 577 1688 it
588 1656 650 1688 ceux

100 1708 144 1767 qni
163 1705 254 1754 habeut
264 1720 280 1754 a
291 1714 379 1754 natura
488 1708 529 1768 qui
540 1718 582 1754 ont
593 1723 645 1766 recu
659 1707 687 1753 de
699 1708 724 1754 ln
735 1713 821 1753 nature

99 1772 248 1835 adjumenta
487 1773 522 1820 ies
533 1774 728 1835 aidesnnoyens)

100 1855 186 1886 rernm
204 1839 376 1903 gerendarum,
487 1839 528 1887 dea
544 1840 639 1888 affaircs
651 1840 739 1886 devant
752 1842 802 1886 etro
817 1837 994 1891 administrent,

99 1908 262 1969 magistratus
272 1903 421 1969 adipiscendi
487 1905 521 1953 lea
539 1909 723 1968 magistratures
740 1904 838 1953 doivent
858 1907 908 1952 etro
932 1904 1029 1952 recher-

100 1973 172 2020 omni
188 1974 341 2020 cunctatione
486 1981 552 2021 tonte
569 1974 698 2021 hesitation
950 1969 1031 2037 [chios

99 2039 207 2101 abjecta.
486 2040 552 2086 etant
565 2040 739 2100 jetee-decotc,

99 2115 125 2152 et
142 2105 281 2168 respublica
295 2101 401 2167 gerenda
414 2109 458 2151 est.
486 2114 509 2152 et
521 2107 545 2153 la
558 2106 699 2168 republique
713 2106 764 2153 doit
778 2108 827 2153 etre
843 2104 1007 2152 administres.

100 2171 228 2221 Necenim
244 2172 314 2220 aliter
486 2173 519 2220 Et
530 2188 559 2219 en
574 2172 629 2219 effet
646 2179 783 2220 intremunt

102 2249 148 2286 ant
165 2239 251 2287 civitas
488 2254 520 2286 ou
531 2240 576 2298 (ni)
588 2239 611 2285 la
625 2240 673 2286 cite

100 2314 183 2367 potest
199 2307 261 2368 regi,
488 2320 518 2351 ne
530 2313 587 2365 peut
597 2308 646 2352 etro
661 2305 806 2367 guaruuic,

101 2381 148 2418 aut
160 2370 305 2435 magnitudo
316 2368 392 2417 animi
488 2386 520 2417 ou
533 2371 578 2430 (ni)
590 2375 638 2417 tear
650 2372 775 2434 grandaur
787 2371 866 2419 d'drne

101 2437 232 2486 declarari.
486 2446 577 2496 crepent
591 2440 640 2485 erre
653 2437 803 2486 manifestes.

101 2504 287 2566 Capessentibus
302 2511 383 2550 antem
486 2503 548 2550 Mais
558 2507 572 2549 a
583 2518 644 2550 ceux
655 2505 697 2566 qni
709 2510 827 2568 preuuent
838 2517 865 2550 ea
878 2505 943 2549 main

100 2571 278 2632 rempublicam
486 2570 511 2617 la
523 2570 664 2631 reprrbliquo

101 2636 182 2685 nihilo
199 2639 280 2684 minue
487 2652 515 2683 cn
534 2638 585 2683 ricn
604 2638 683 2684 moine

102 2719 176 2765 quam
190 2703 348 2766 philosophia,
487 2703 578 2765 qn'aux
588 2703 751 2766 philosophae,

101 2770 169 2817 haud
178 2770 230 2818 ecio
241 2785 272 2817 an
285 2771 357 2817 etiam
369 2768 456 2832 magis,
485 2772 509 2832 je
520 2785 548 2816 ne
560 2771 607 2815 sais
620 2773 639 2815 si
652 2775 728 2818 mima
738 2786 761 2818 ce
769 2771 827 2818 n'est
835 2785 876 2830 pes
885 2765 1029 2831 deseninge,

102 2845 128 2883 et
142 2837 323 2899 magnificentia
487 2846 509 2884 et
524 2837 549 2882 le
562 2836 686 2895 grandem·

101 2910 127 2950 et
137 2903 293 2966 despicientia
488 2913 511 2949 et
524 2902 546 2949 le
559 2903 649 2963 mdpris

102 2985 184 3016 rernm
198 2969 361 3017 humanarum
487 2969 528 3015 dea
538 2967 622 3015 choses
631 2968 761 3016 humainea

102 3035 241 3084 adhibenda
253 3038 293 3091 ait.
487 3035 585 3083 doivent
597 3039 646 3082 etta
664 3037 797 3099 apportdea.

102 3114 128 3150 et
139 3118 168 3150 ea
180 3102 348 3164 tranquillitas
359 3099 434 3147 animi
487 3111 510 3148 et
523 3111 584 3149 cette
602 3103 756 3165 tranquillite
769 3103 848 3150 d'dme

103 3176 177 3230 atque
191 3170 308 3216 securitas
487 3179 510 3216 et
523 3169 625 3215 sc'curite

103 3250 177 3296 qnam
191 3235 245 3283 dico
255 3250 316 3298 saepe
330 3251 336 3281 ι
487 3250 533 3296 qne
548 3235 573 3296 je
586 3234 622 3280 dis
634 3232 705 3297 (dont
714 3233 741 3297 je
757 3234 834 3297 parle)
848 3239 952 3283 convent
969 3250 977 3282 t

104 3303 125 3348 si
137 3302 235 3364 quidem
252 3317 295 3349 nec
307 3302 382 3348 iutnri
396 3301 445 3347 sint
488 3303 507 3347 si
521 3300 634 3347 toutefois
646 3312 671 3347 et
682 3301 713 3347 ils
727 3316 757 3347 na
769 3301 866 3350 doivent
878 3317 921 3365 pas
932 3303 983 3348 etro

105 3370 186 3423 anxii,
488 3366 763 3431 rcrnplis-d'augoisaea‚

104 3444 128 3480 et
140 3435 229 3483 victuri
488 3443 512 3480 ct
523 3435 553 3480 ila
565 3432 664 3480 doivent
676 3434 743 3481 viere

104 3516 160 3548 cunr
172 3502 292 3564 gravitate
488 3514 545 3546 avec
557 3499 650 3561 gravit&

104 3569 297 3629 constantiaque.
488 3575 511 3612 et
522 3574 660 3613 constance.

105 3634 165 3693 Quae
177 3642 235 3681 sunt
245 3649 274 3682 eo
288 3633 400 3682 faciliora
490 3635 566 3680 Chares
577 3633 619 3694 qui
635 3639 690 3681 soni
704 3631 814 3682 d'antant
824 3633 880 3697 plus
893 3633 977 3682 faciles

104 3701 265 3763 philosophia,
489 3714 538 3747 aux
553 3698 716 3763 philosophos,

105 3782 153 3830 quo
167 3768 192 3814 in
206 3768 256 3814 rita
266 3782 350 3814 eornm
490 3781 535 3827 que
548 3767 608 3812 dana
620 3765 647 3812 la
658 3767 697 3813 vie
707 3766 779 3814 d’cux

106 3836 187 3880 minna
198 3834 276 3881 multa
490 3831 531 3878 des
542 3837 615 3890 points
627 3834 707 3879 moins
722 3834 857 3881 nombreux

106 3907 197 3962 patent,
490 3898 718 3956 sont-itdecouvert,

109 3980 163 4026 qua
174 3966 273 4015 fortune
286 3965 365 4024 feriat,
490 3979 536 4026 que
548 3965 572 4012 la
583 3965 680 4013 fortune
691 3965 771 4029 puisse
781 3964 887 4029 irapper,
