2364 4634
52 23 858 343 -Ἰ

641 152 711 187 0⁹0

420 710 475 759 uus
495 712 630 768 heroine,
654 712 737 758 ursus
759 713 778 756 1.
1004 703 1057 761 127

126 825 198 875 Illud
210 833 291 877 sutem
298 832 336 874 est
343 827 473 890 optimum,

127 894 153 940 in
170 894 238 956 quod
250 893 324 942 sudio

128 961 210 1007 solere

127 1025 216 1074 incedi

126 1094 159 1140 ab
174 1093 295 1156 improbis
307 1101 331 1142 et
341 1091 449 1141 invidis:

127 1179 139 1202 ι
156 1162 238 1207 Arme
248 1161 336 1209 cedent
344 1168 417 1224 toga,

127 1227 217 1273 laureo
237 1227 356 1275 concedet
367 1225 445 1274 leudi.
461 1245 472 1268 ι

124 1292 161 1340 Ut
173 1294 241 1340 enim
254 1295 366 1342 omittsm
384 1293 453 1351 elios,

123 1360 200 1406 nobis
211 1360 407 1423 gubernantibus

123 1426 316 1488 rempublicam,

519 826 553 878 Or
566 836 627 876 cette
636 833 735 876 mocime
745 834 781 876 eet
791 830 925 886 tres-belle,

518 903 600 943 contre
618 896 720 957 laquelle
726 895 849 958 J'entends
858 897 907 945 dire

517 962 731 1009 le-coutume·ttre

517 1027 826 1090 des-attaques-ttreleltee

517 1110 561 1156 per
573 1095 608 1141 les
620 1094 744 1142 meohsuts
755 1103 778 1142 et
790 1097 825 1142 les
836 1096 957 1144 envieux:

520 1179 531 1203 ι
546 1160 598 1221 Que
610 1161 643 1211 les
654 1176 732 1207 ermes
747 1161 831 1209 cedent
841 1164 856 1208 d
866 1163 891 1210 le
901 1170 966 1227 tege,

517 1241 563 1288 que
575 1228 597 1274 le
610 1227 701 1276 laurier
714 1227 770 1274 cede
782 1230 797 1274 h
808 1229 832 1275 le
844 1229 931 1292 gleire.
944 1248 956 1274 ι

517 1293 553 1340 En
571 1294 628 1340 estet
637 1309 698 1355 pour
710 1309 755 1356 que
766 1294 875 1356 J'omette
885 1296 919 1343 les
934 1301 1024 1356 suites,

516 1375 578 1407 noue
589 1361 658 1421 (moi)
670 1369 822 1425 gouverr·eut

515 1427 540 1474 le
551 1427 701 1489 re'publiqne‚

123 1507 211 1538 nonne
221 1507 290 1540 enne
300 1507 392 1542 cessere
404 1489 488 1554 toperi
515 1493 549 1539 les
563 1508 642 1540 ermes
651 1494 792 1541 n'ont-elles
802 1509 844 1558 pes
854 1493 911 1543 cede
923 1495 939 1544 b
949 1496 974 1545 le
986 1495 1059 1560 togei

123 1557 213 1636 Neque
224 1561 289 1607 enim
302 1559 436 1623 periculum

122 1640 232 1684 merus

513 1559 552 1606 Eu
565 1560 656 1608 efletni
670 1576 702 1607 un
716 1560 776 1623 peril

515 1626 569 1688 plus
580 1642 654 1689 greve

123 1691 177 1738 suit
189 1707 298 1755 unquam
310 1693 335 1740 iu
346 1692 485 1756 republicis,
515 1708 545 1740 ne
560 1693 694 1756 tusjurnuis
706 1693 766 1741 dens
778 1693 803 1741 le
815 1695 967 1758 repubiique,

122 1773 172 1806 nec
183 1760 261 1806 otium
278 1759 367 1822 mejus.

122 1825 165 1872 lte
176 1826 289 1872 consiliis

123 1903 261 1953 nostreque
274 1890 405 1954 diligentie

123 1973 197 2005 erma
208 1958 308 2021 delepse
318 1962 371 2020 ipse

122 2025 268 2072 oeciderunt
278 2025 387 2072 celeriter

125 2090 157 2138 de
172 2091 289 2140 menibus

123 2158 219 2205 civium
229 2157 453 2206 audacissimorum.

123 2224 188 2284 Qoae
200 2240 240 2273 res
253 2225 330 2288 igitur
342 2232 411 2272 tento

125 2300 198 2353 gesto
209 2306 318 2353 unquam
332 2291 357 2338 ln
369 2291 433 2338 bello
445 2288 456 2337 i

124 2357 174 2424 qui·
180 2357 320 2419 triumphus

125 2422 307 2472 conserendus?

124 2490 195 2538 Licet
205 2493 270 2538 enim
281 2490 351 2548 mihi,

125 2557 208 2605 Marce
217 2557 262 2613 fili,

126 2625 230 2685 glorieri
242 2622 306 2687 spud
319 2630 350 2681 te,

125 2690 156 2737 ed
167 2706 239 2753 quem
252 2691 357 2753 pertinet

125 2765 149 2803 et
164 2756 286 2804 hereditas
297 2756 371 2819 hujus
383 2755 468 2820 glorie

126 2833 148 2869 et
160 2823 266 2872 imitatio
281 2822 413 2870 lectorum.

125 2889 187 2938 Mihi
197 2890 295 2952 quidem
306 2898 369 2937 certe

125 2959 163 3004 vir
178 2956 308 3004 abundent

124 3022 241 3071 leudibus
254 3023 354 3080 bellicis,

125 3089 169 3138 Cn.
186 3090 329 3153 Pompeius,

125 3157 215 3204 tribuit
227 3157 284 3211 hoo.

125 3224 211 3271 moltis
223 3222 386 3280 audientibus,

125 3297 153 3337 ut
168 3291 260 3339 diceret

125 3373 150 3404 se
162 3356 344 3420 deportaturum
360 3355 434 3404 tuisse

125 3424 218 3471 srustre

125 3493 224 3538 tertium
239 3489 398 3552 triumphum,

125 3558 174 3605 nisi
186 3572 240 3605 meo
251 3557 366 3605 benetielo

124 3626 150 3673 in
160 3625 333 3687 rempublicam

124 3691 254 3739 habiturus
264 3698 327 3738 esset

125 3760 167 3806 uhi
179 3757 348 3821 triumpharet.

124 3828 187 3873 bunt
200 3840 260 3887 ergo

125 3891 279 3941 tortitudines
289 3888 426 3938 domesticis

515 1760 540 1806 ni
554 1774 600 1806 une
612 1760 763 1822 tranquillite'
773 1761 830 1822 plus
842 1762 943 1825 grande.

514 1825 649 1874 Tellement
660 1842 705 1888 par
714 1842 756 1874 nos
766 1828 871 1875 conseils

514 1901 538 1938 et
548 1908 591 1955 per
603 1906 673 1941 notre
684 1894 782 1941 activite

513 1959 547 2006 les
559 1974 637 2006 erruee
648 1969 724 2023 eyent
735 1961 808 2023 glissri
818 1960 981 2009 elles-mentes

514 2026 649 2074 tomberent
658 2036 835 2090 promptement

513 2091 553 2138 des
566 2094 645 2140 meins

514 2157 554 2204 des
565 2161 673 2220 citoyens
684 2160 719 2206 les
735 2160 790 2222 plus
802 2158 946 2207 eudocieux.

513 2223 597 2283 Quelle
608 2225 681 2273 chose
693 2226 755 2274 donc
766 2226 890 2289 sigrende

512 2293 570 2337 olei
580 2291 637 2338 saite
651 2293 741 2352 jemeis
753 2292 813 2340 dens
826 2308 873 2340 une
884 2291 990 2357 guerre?

510 2358 566 2418 quel
581 2357 700 2420 triomphe

511 2431 569 2485 peut
581 2427 631 2471 etre
646 2423 776 2487 comperii

510 2504 552 2537 cer
570 2491 589 2536 il
609 2499 645 2538 est
667 2492 757 2553 permis
778 2492 793 2538 h
812 2491 871 2550 moi,

511 2556 595 2603 Meeus
608 2573 661 2603 mon
673 2556 722 2614 fils,

512 2622 540 2670 de
554 2638 592 2670 me
606 2623 712 2685 glorifier
725 2625 811 2685 eupree
823 2623 853 2671 de
865 2622 909 2676 soi.

511 2691 526 2735 'e
538 2690 579 2750 qui
592 2704 616 2736 ee
628 2698 742 2752 rapporte
754 2691 910 2753 (eppertieut)

511 2764 534 2802 et
547 2755 675 2819 l'heritege
687 2757 715 2804 de
728 2764 788 2804 cette
800 2756 878 2819 gleire

511 2832 534 2868 et
547 2823 689 2871 l’imitetlon
704 2823 733 2870 de
745 2839 779 2870 cer
790 2821 893 2870 eotioos.

510 2891 533 2936 A
546 2890 594 2936 moi
608 2891 623 2936 'e
635 2891 660 2936 le
673 2891 751 2938 ve‘rite
763 2889 797 2937 du
807 2891 887 2938 moins

511 2971 542 3002 un
559 2955 655 3003 homme
666 2955 959 3018 pourvu-ebondemment

511 3022 540 3068 de
550 3023 752 3087 titres-de-gloire
766 3023 896 3087 guertius,

509 3088 554 3137 Cn.
568 3088 678 3151 Pompe'e,

509 3171 524 3201 o
537 3156 636 3203 eocorde
648 3156 707 3212 oeci,

508 3222 633 3285 beaucoup
644 3220 800 3280 contendent,

508 3290 567 3351 qu'il
581 3288 618 3335 dit

508 3355 634 3402 lui-meme
646 3355 713 3402 avoir
723 3354 756 3402 dtt
767 3360 900 3418 remporter

508 3422 646 3469 veinemeut

508 3505 548 3536 eon
560 3489 682 3536 troisieme
693 3487 822 3551 triumphe,

507 3557 527 3603 si
542 3571 584 3618 per
596 3554 762 3604 monbienseit

508 3637 592 3670 envers
606 3623 631 3669 lo
642 3620 783 3684 re'publiqoo

508 3690 526 3735 il
538 3689 628 3735 n’eveit
638 3703 681 3751 pes
692 3687 725 3734 de
736 3689 803 3736 evoir
815 3702 847 3734 uu
859 3689 903 3734 lieu

508 3758 540 3802 ou
550 3755 568 3801 il
582 3755 718 3818 triomphdt

506 3821 528 3869 ll
540 3829 576 3869 est
589 3821 651 3870 dono
895 3814 1051 3880 [l’interieur)

508 3889 549 3936 des
566 3887 815 3936 truite-debrevoure
841 3881 1002 3947 domesthuee
1021 3888 1045 3948 (b
