2474 4694
248 722 301 778 lsslx
548 726 584 771 nt
605 726 725 775 otttctts
745 729 828 776 traete
851 732 871 779 l.

245 843 361 913 majores
373 848 438 897 natu
450 842 547 907 vereri,
563 858 595 898 ex
607 842 701 914 hisque
713 842 830 916 deligere
840 846 956 918 optimos
972 854 1000 902 et
1013 848 1173 919 probatissi.

245 952 314 1003 mos,
325 935 560 1006 quorumconsilio
573 944 655 1008 atque
667 938 826 993 auctoritate
839 938 949 994 nitatur.
965 942 1086 996 lneuntis
1098 943 1171 997 enirn

244 1027 333 1083 aetntis
350 1028 455 1084 inscitia
470 1044 565 1085 senum
579 1029 771 1086 constituenda
784 1038 812 1085 et
828 1032 945 1103 regenda
960 1034 1102 1101 prudentia
1116 1046 1170 1091 est.

245 1122 360 1176 Maxime
375 1128 467 1177 autem
482 1123 539 1178 haec
551 1131 619 1177 aetas
634 1139 649 1177 a
665 1123 823 1179 libidinibus
838 1125 954 1183 arcenda
969 1134 1020 1194 eet,
1036 1144 1169 1183 exercen-

243 1213 332 1285 daque
345 1213 372 1268 in
384 1213 474 1268 laboro
487 1216 671 1286 patientiaque
682 1217 764 1272 enimi
778 1226 805 1273 et
815 1220 942 1291 corporis,
960 1227 1095 1276 uteorum
1107 1224 1170 1277 etin

245 1304 349 1361 bellicis
363 1313 391 1361 et
408 1307 435 1360 in
454 1306 580 1363 civilibus
592 1307 688 1363 officiis
705 1309 794 1379 vigeat
808 1310 948 1365 industria.
968 1313 1058 1383 Atque
1075 1315 1168 1373 etiam.

244 1416 328 1472 quum
343 1401 462 1456 relaxare
475 1402 580 1457 animos
594 1409 621 1456 et
635 1400 701 1456 dare
714 1418 744 1457 ee
760 1402 923 1473 jucunditati
940 1403 1040 1472 volent,
1055 1412 1169 1460 caveant

243 1496 490 1568 intemperantiam,
505 1494 676 1550 meminerint
688 1495 873 1563 verecundiae3
888 1497 961 1567 quod
981 1498 1032 1551 erit
1045 1497 1164 1567 facilius,

241 1586 264 1642 si
279 1586 306 1641 in
319 1584 451 1658 ejusmodi
464 1601 572 1657 quoque
584 1586 667 1640 rebus
681 1589 798 1656 majores
814 1594 878 1642 netu
894 1588 1022 1642 interesse
1037 1588 1132 1645 velint.

278 1682 393 1738 Senibus
414 1688 503 1735 autem
524 1680 631 1735 leboree
654 1681 774 1751 corporis
795 1681 942 1749 minuendi,
962 1683 1169 1743 exercitationes

242 1776 324 1832 animi
335 1775 416 1829 etiem
427 1771 704 1844 augendaevidentur;
720 1772 809 1828 danda
819 1789 883 1828 vero
891 1789 972 1845 opera
982 1781 1011 1828 ut
1019 1783 1047 1829 et
1056 1778 1166 1845 amicos,

242 1876 269 1921 et
283 1869 462 1937 juventutem,
479 1872 507 1919 et
520 1864 636 1919 maxime
650 1864 843 1934 rempublicam
855 1864 969 1920 coneilio
983 1874 1010 1920 et
1025 1869 1169 1937 prudentia

242 1975 324 2030 quam
345 1958 490 2029 plurimum
508 1953 648 2026 adjuvent.
669 1954 741 2009 Nihil
757 1964 846 2010 autem
860 1957 945 2027 magis
964 1959 1114 2015 cavendum
1126 1970 1169 2015 est

243 2050 375 2107 senectuti
389 2065 471 2121 quam
481 2065 515 2104 ne
530 2048 651 2119 languori
660 2064 690 2103 se
702 2048 867 2121 destdtaeque
876 2049 966 2105 dedat.
977 2053 1092 2108 erxuria
1105 2070 1169 2108 uero

241 2300 332 2357 respect
341 2308 402 2357 pour
414 2307 476 2342 ceux
491 2292 534 2354 qui
549 2299 604 2339 eont
615 2293 717 2339 erencee
730 2306 758 2339 en
773 2294 826 2355 ige,
841 2301 865 2342 et
877 2300 944 2341 entre
955 2295 1053 2342 ceux-lit
1066 2296 1097 2344 ile
1113 2296 1167 2345 doi-

240 2382 395 2430 ventehoieir
406 2382 441 2429 lex
457 2381 512 2444 plue
524 2396 584 2445 gene
596 2380 626 2429 de
638 2381 695 2429 bien
706 2387 730 2429 et
746 2396 808 2430 ceux
821 2383 862 2446 qui
878 2398 902 2431 ee
915 2392 971 2432 eont
982 2385 1066 2447 ecquie
1079 2386 1102 2434 le
1113 2387 1169 2450 pirre

241 2471 270 2517 de
281 2471 418 2534 reputetion
431 2485 476 2534 per
490 2471 544 2519 leur
554 2478 632 2527 ventu,
646 2478 670 2518 et
680 2471 812 2520 e'nttecher
828 2474 843 2519 t
862 2488 910 2520 eux
928 2489 989 2537 pour
1010 2490 1036 2521 ee
1050 2474 1169 2523 conduire

240 2577 283 2626 par
295 2563 360 2609 leurs
379 2560 499 2623 exemplet
517 2576 525 2606 r
540 2575 581 2608 oar
601 2560 788 2623 l'inexperience
808 2561 850 2609 dee
869 2560 954 2623 jeunee
973 2578 1033 2624 gene
1049 2579 1064 2611 e
1084 2566 1167 2613 beeoin

241 2649 315 2697 d'etre
327 2651 461 2712 gouvernee
476 2664 519 2712 per
534 2649 559 2695 le
569 2662 666 2711 eegeeee
681 2648 724 2695 dee
738 2649 873 2696 vieillerde.
894 2650 995 2699 Surtout
1017 2650 1048 2697 ile
1070 2650 1169 2698 doivent

240 2754 265 2785 ee
286 2736 411 2800 premunir
425 2744 509 2784 contre
530 2736 564 2783 loe
587 2737 706 2797 puerique,
727 2744 752 2783 et
770 2736 946 2785 e’eecoutumer
970 2754 1000 2784 nu
1023 2739 1111 2786 traveil
1134 2738 1168 2785 du

240 2842 309 2889 corpe
320 2835 344 2873 et
355 2824 383 2873 do
394 2825 495 2886 l'eeprit.
506 2822 555 2870 elin
569 2824 598 2870 de
605 2838 630 2871 ee
637 2824 725 2872 rendre
735 2824 846 2887 cupeblee
856 2824 885 2871 de
894 2827 1003 2873 eoutenir
1018 2826 1053 2873 lee
1064 2827 1168 2888 emploie

240 2915 269 2963 de
282 2916 306 2961 le
318 2928 405 2975 guterre
418 2921 441 2959 et
453 2928 513 2960 ceux
529 2912 557 2958 de
571 2912 597 2958 le
615 2911 653 2959 vie
671 2912 751 2959 civile,
774 2911 834 2959 Lora
852 2915 930 2959 meme
951 2913 1025 2975 qu'ils
1046 2913 1168 2962 roudront

240 3005 332 3051 donner
346 3001 449 3063 quelque
469 2999 628 3046 dltnseement
646 3002 661 3045 lt
682 2999 735 3046 leur
747 3000 822 3061 eeprit
844 3007 868 3045 et
888 3014 913 3046 ee
932 3001 1005 3047 lirrer
1025 3002 1041 3048 t
1063 3001 1167 3063 quelque

240 3090 440 3141 divertissement.
456 3087 529 3149 qu'ile
548 3086 639 3134 evitent
661 3087 857 3149 l'intempernnco
874 3093 898 3133 ct
914 3101 943 3132 ne
963 3086 1064 3149 perdent
1078 3087 1167 3149 jemeie

240 3179 269 3226 de
281 3191 326 3224 rue
338 3177 362 3223 ln
373 3175 490 3223 modestie
503 3191 509 3221 r
525 3175 577 3221 cele
588 3175 640 3221 leur
656 3188 710 3221 eene
723 3175 777 3236 plue
788 3174 865 3230 lucile,
879 3175 899 3221 ei
921 3174 982 3222 dene
993 3176 1059 3224 leure
1070 3176 1168 3240 pleieire

240 3270 317 3314 meme
336 3265 366 3312 ile
383 3272 438 3311 eont
459 3264 514 3310 bien
534 3264 596 3309 eieee
615 3262 708 3309 d'euoir
728 3278 789 3325 pour
806 3270 954 3325 epectoteure
976 3262 1017 3311 dee
1034 3278 1167 3326 pereonnee

241 3357 299 3404 d’un
311 3356 357 3417 dgo
368 3353 422 3415 plue
435 3354 500 3399 rullr.

270 3443 336 3490 Pour
345 3443 379 3489 lea
389 3439 521 3493 vieillurde.
536 3439 615 3486 moine
627 3439 657 3485 ile
670 3446 725 3485 sont
735 3439 846 3501 cnpnblee
859 3438 900 3486 dee
910 3441 1029 3487 exercieee
1041 3439 1074 3489 du
1085 3456 1164 3506 corpe,

240 3531 294 3593 plue
302 3531 334 3577 ile
347 3530 445 3576 doivent
457 3528 603 3590 e'uppliquer
619 3529 634 3574 δ
645 3542 706 3574 ceux
719 3526 748 3574 de
759 3528 861 3590 l'eeprit.
874 3529 937 3576 Lenr
950 3529 1082 3593 principale
1094 3546 1167 3580 oocu-

240 3617 322 3682 petion
334 3617 442 3664 doittrre
461 3616 584 3663 d'eaeieter
602 3614 636 3661 lee
645 3614 731 3677 jeonee
752 3630 822 3677 genre,
836 3616 899 3662 leuce
911 3617 981 3672 emir,
1000 3624 1024 3663 et
1035 3624 1131 3666 eurtout
1142 3620 1166 3667 le

239 3707 389 3771 republique,
404 3706 418 3752 d
426 3722 444 3751 ·e
457 3705 561 3752 eouseile
570 3718 616 3765 que
630 3704 786 3767 leureegeeee
801 3712 825 3752 et
838 3704 891 3750 leur
903 3705 1043 3767 experienoe
1058 3705 1092 3753 lee
1106 3715 1166 3754 met-

241 3800 292 3839 tent
302 3808 331 3839 en
352 3792 401 3837 etot
422 3790 451 3837 de
465 3789 566 3838 donner.
580 3790 613 3839 Ce
625 3791 698 3853 qu'ile
711 3790 809 3837 doivent
823 3791 845 3837 le
861 3791 914 3852 plue
929 3791 1014 3847 duitor,
1027 3792 1086 3839 c'eet
1099 3791 1128 3840 de
1142 3808 1166 3840 ee

240 3880 324 3929 loiseel·
335 3881 394 3927 eller
406 3881 420 3926 e
434 3879 458 3926 le
469 3881 589 3943 lungueur
598 3886 622 3928 et
632 3882 646 3926 ie
658 3881 682 3927 le
692 3895 795 3943 poreeee.
814 3880 920 3939 Quom'e
936 3881 960 3927 lu
971 3881 1076 3943 voluptti,
1089 3882 1106 3929 il
1121 3883 1164 3945 n'y
