2474 4694
329 841 381 884 urs
402 841 538 898 essoris,
560 841 644 885 ιιιιιι
667 841 708 886 ιιι.
925 831 980 888 551

55 975 84 1003 nx
104 958 312 1006 senatusconsulto
443 958 536 1021 d’npres
546 976 578 1006 nn
592 960 820 1012 senatus-consulte.

56 1035 138 1072 essent
149 1040 233 1072 rursus
245 1025 383 1086 vectigales,
442 1026 534 1072 fussent
544 1025 573 1072 de
585 1040 696 1073 nouveuu
707 1027 858 1079 tributsires.

57 1107 134 1152 neque
143 1090 298 1138 redderemus
309 1090 347 1139 his
441 1102 517 1153 etque
529 1106 590 1139 nous
599 1107 629 1139 ne
640 1092 788 1140 rendiseions
800 1109 842 1155 pus
856 1095 870 1140 ιι
879 1094 938 1142 elles

57 1158 183 1219 pecuniam
196 1172 269 1220 quem
282 1158 399 1206 dederent
440 1158 547 1220 l'nrgent
555 1158 653 1220 qn'elles
663 1158 760 1207 avaient
769 1160 848 1208 donne

57 1240 100 1286 pro
111 1225 230 1271 libertate.
440 1239 501 1285 pour
513 1229 562 1271 leur
570 1225 664 1274 liberte.

55 1291 157 1337 Senarus
168 1306 280 1340 assensus
291 1297 327 1339 est
338 1292 368 1338 ei.
440 1290 472 1337 Le
481 1293 549 1338 senet
560 1290 885 1339 donne-sonuerentimentis
898 1293 941 1339 ιιιι.

55 1358 137 1419 Turpe
150 1356 260 1419 imperio.
440 1356 518 1404 Choee
529 1358 646 1405 honteuss
658 1373 719 1419 pour
728 1358 844 1422 l'empire.

55 1423 126 1469 Fides
138 1424 202 1470 enirn
214 1425 346 1485 piratarum
442 1422 477 1469 En
487 1421 542 1469 etiet
554 1424 579 1470 ιιι
590 1424 622 1470 soi
636 1423 677 1470 des
687 1425 776 1487 pirates

56 1490 141 1536 melior
154 1503 226 1551 quem
238 1498 345 1536 mustus.
440 1498 471 1534 ert
482 1489 607 1537 meilleure
617 1504 662 1552 que
672 1495 725 1537 celle
736 1491 769 1537 du
780 1491 850 1538 senat

57 1555 90 1600 At
100 1555 228 1618 vectigalis
239 1564 311 1604 suctu
323 1573 328 1600 :
440 1553 503 1601 Meis
514 1555 549 1602 les
558 1571 660 1602 revenus
667 1565 706 1602 ont
716 1559 749 1603 e'te'
757 1560 898 1619 nugmerrtc's
912 1592 917 1604 .

56 1622 116 1668 utils
129 1621 214 1682 igitur.
441 1624 464 1666 lo
477 1624 537 1669 ιιοιι
548 1624 602 1669 e'tor't
616 1622 675 1670 utile
685 1621 754 1672 dono.

55 1688 186 1750 Quousque
440 1687 638 1751 dusqu’e-qnsnd

54 1753 180 1801 audebunt
192 1753 270 1801 dicere
441 1754 577 1801 oseroneile
587 1755 637 1802 dire

54 1819 185 1882 quidquem
198 1820 258 1868 utile
442 1821 645 1883 quoi-quecesoit
657 1826 702 1867 lere
715 1821 775 1868 utile

55 1886 122 1946 quod
135 1902 183 1934 uon
197 1883 348 1934 honestum?
442 1888 484 1946 qui
496 1891 579 1934 nescit
591 1903 634 1948 pne
648 1888 768 1936 lronnelei

55 1952 147 2000 Odium
156 1960 236 1999 entem
250 1961 273 1998 st
284 1948 386 1997 insumis
441 1951 504 1999 Meis
517 1953 541 2000 ln
556 1952 629 2001 haino
641 1961 664 2000 st
681 1954 705 2000 ln
717 1953 984 2001 muuvnise-renommce

55 2026 195 2080 potestesse
208 2018 267 2066 utile
441 2021 618 2079 pensent-elles
633 2022 683 2066 erre
697 2021 769 2068 utiles

56 2085 101 2132 ulli
116 2085 230 2148 imperio,
441 2084 456 2130 s
468 2084 570 2146 quelque
581 2087 680 2147 empne,

55 2151 121 2213 quod
131 2151 200 2198 debet
209 2165 259 2198 esse
269 2150 357 2197 fultum
441 2153 482 2211 qui
496 2150 547 2197 doit
558 2153 608 2198 etse
619 2155 713 2215 sppuye'

54 2218 137 2281 gloria
176 2271 177 2275 Ἰ
440 2216 608 2278 surlsgloire

54 2291 80 2329 et
95 2283 261 2330 benevolentis
272 2276 414 2329 sociorum?
441 2290 465 2328 et
474 2297 515 2329 sur
525 2283 550 2330 le
560 2283 734 2330 bienveilleuce
747 2283 787 2330 des
799 2284 884 2333 alliis?

55 2350 109 2409 Epo
122 2349 224 2396 dissensi
238 2363 300 2411 eaepe
441 2348 489 2395 Μοι
498 2350 542 2411 j'ei
554 2349 808 2397 steen-dissentiment
822 2358 923 2396 souvent

55 2432 110 2462 cunr
124 2431 177 2463 meo
186 2417 276 2465 Getone
290 2429 296 2460 ι
441 2429 498 2461 neec
512 2430 568 2462 mon
585 2413 660 2463 Ceron
676 2433 681 2460 :

56 2482 183 2529 ridebatur
194 2483 259 2529 enim
270 2479 330 2527 mihi
440 2495 469 2527 en
482 2479 537 2528 eil'et
547 2482 563 2528 il
577 2482 689 2529 semblnit
702 2483 717 2529 is
728 2482 777 2529 moi

55 2547 182 2595 defendere
199 2549 273 2594 nimis
287 2544 413 2607 praefracte
441 2546 554 2594 ddicndre
568 2556 622 2615 trop
634 2547 761 2595 rudement

54 2615 168 2661 oererium
181 2614 363 2677 vectigaliaque,
441 2613 463 2659 le
474 2615 550 2660 tresor
559 2621 583 2660 et
594 2613 629 2660 les
640 2629 750 2670 revenus,

56 2697 146 2742 negare
162 2682 245 2729 omnin
265 2677 411 2743 publicanis,
441 2678 531 2727 resuser
544 2687 597 2726 tout
609 2695 658 2726 sux
671 2679 816 2742 publicuins,

55 2749 135 2793 mults
146 2747 232 2803 sociis3
440 2745 564 2809 beaucoup
576 2760 625 2793 eux
637 2747 718 2802 ellies;

55 2829 131 2874 quum
143 2812 283 2859 deberemus
440 2813 506 2858 nlors
518 2826 563 2873 que
575 2827 637 2858 nous
649 2811 747 2860 devione

54 2895 107 2926 csse
117 2878 216 2926 benefici
229 2880 254 2925 in
267 2878 321 2934 hos,
440 2880 489 2924 etro
498 2878 658 2925 bienisisents
670 2894 754 2925 envers
764 2881 873 2929 cerni-ci.

55 2961 128 3006 agere
140 2961 194 2992 cum
208 2945 257 2991 illis
269 2945 312 3002 sic,
440 2945 494 3005 agir
506 2959 564 2991 svec
577 2945 678 2991 ceux-lis
689 2946 760 2999 ainsi,

56 3021 84 3058 ut
101 3012 232 3058 soleremus
439 3025 533 3057 comme
548 3026 608 3057 nous
620 3011 828 3059 avions-coutume
842 3011 917 3070 d'opr'r

55 3094 112 3124 curn
123 3078 212 3125 nostris
222 3076 324 3131 colonis,
440 3091 497 3123 suec
513 3092 556 3123 nos
565 3077 684 3134 sermiors,

55 3159 130 3205 eoque
146 3145 225 3205 magis
439 3150 463 3188 et
476 3142 588 3190 d'nutnnt
600 3144 654 3206 plus

55 3210 119 3271 quod
131 3210 175 3257 ille
186 3208 327 3270 conjunctio
440 3224 486 3269 que
501 3219 562 3256 cette
572 3210 646 3257 union

55 3277 170 3323 ordinum
440 3274 481 3321 des
493 3275 575 3323 ordres

57 3342 193 3405 pertinebat
439 3343 619 3404 eruit-rupport

55 3409 88 3455 ad
101 3411 201 3457 sulutem
214 3406 361 3470 reipublice.
440 3422 470 3452 rur
481 3409 545 3455 salut
557 3409 586 3455 de
597 3408 621 3455 ιιι
633 3408 783 3470 re'publique.

55 3477 129 3524 Curio
142 3475 214 3522 etiem
229 3473 302 3530 mule,
439 3472 529 3520 Curion
543 3475 608 3521 russi
620 3481 668 3532 opit
679 3475 738 3535 mel,

55 3558 131 3603 quum
144 3541 239 3587 dicebet
440 3539 550 3600 lorsqu’il
561 3540 633 3586 diesis
879 3538 982 3604 [pedesne

55 3624 153 3658 cuusnm
168 3605 396 3670 Transpadanorum
439 3607 543 3653 lucense
553 3605 593 3653 des
605 3603 980 3653 habitentu-dele-Gnule·truns·

55 3691 108 3722 esse
120 3688 224 3736 aequnm,
439 3676 487 3718 erre
494 3673 569 3732 juste,

56 3757 149 3803 semper
162 3751 243 3786 autern
256 3738 360 3786 sddebnt
372 3753 378 3782 ι
440 3739 501 3784 meis
511 3737 620 3797 toujonrs
629 3737 746 3800 ajouteitr

57 3828 67 3848 ι
84 3808 180 3855 Utilitas
193 3809 282 3854 vincet.
301 3824 312 3848 s
441 3820 451 3846 ι
468 3802 626 3862 anl'utilite
637 3805 771 3867 l'emporte.
787 3823 798 3847 s

56 3873 152 3922 Diceret
439 3869 458 3916 ll
472 3871 551 3915 nureit
562 3869 593 3916 du
605 3871 656 3916 dire

56 3957 105 3986 non
120 3956 170 3987 esse
183 3955 285 4001 equum,
438 3944 491 3981 cette
500 3951 565 3982 cause
576 3938 650 3982 n'etre
662 3950 704 3997 pes
714 3935 788 3996 juste.

56 4008 114 4067 quis
126 4023 172 4053 ιιοιι
187 4015 249 4053 essct
263 4003 330 4050 utilis
440 4015 510 4060 perce
522 4000 609 4062 qu'elle
621 4001 704 4049 n’eteit
715 4016 757 4048 nes
769 4000 828 4049 utile
