2364 4634
432 752 485 799 uss
505 751 640 809 osvotss,
661 752 745 797 trvne
767 751 786 795 t.
1014 737 1070 797 231

124 884 241 934 quorum
252 868 370 933 magistri

122 940 266 985 imitantur
277 936 346 996 titia,

122 1019 206 1052 ausa
216 998 379 1051 uendendi.

159 1071 219 1118 Nee
231 1083 295 1116 varo
306 1074 345 1116 est
357 1066 463 1115 alienum

122 1136 156 1184 ad
168 1132 296 1197 eligendo
305 1149 336 1181 ea

122 1218 182 1265 quae
194 1198 311 1248 afferunt
320 1198 503 1257 dubitationem,

121 1268 252 1316 adiribere
265 1264 377 1313 homines
388 1263 478 1322 doces,

122 1334 163 1381 sel
175 1335 258 1380 etiarn
272 1331 361 1394 querito·
367 1346 421 1389 usu,

121 1409 146 1448 et
159 1398 300 1460 exquirere

122 1466 190 1527 qnid
205 1464 304 1527 placeat
313 1459 352 1510 hie

123 1531 157 1579 de
173 1544 281 1593 qnoque
291 1543 378 1592 genere
390 1527 471 1577 offitii.

124 1597 216 1659 Major
228 1594 296 1642 enirn
308 1609 363 1656 pers

123 1665 197 1710 solet
207 1660 300 1709 deferri
312 1675 349 1716 eo,

124 1744 181 1790 quo
189 1725 501 1788 deducituraustursipse.

124 1795 158 1842 ln
170 1793 268 1855 quihus
280 1790 408 1839 videndum
419 1800 455 1839 est

125 1876 184 1907 uon
199 1856 274 1906 modo

128 1923 199 1988 quid
209 1923 313 1987 quisque
323 1922 445 1986 loquutur,

128 1991 178 2038 sed
196 1991 270 2038 etiam

129 2055 198 2119 quid
208 2056 310 2119 quisque
319 2055 415 2112 sentiat,

129 2130 313 2265 3233th

132 2261 371 2381 hfflh'iffssh

133 2394 163 2434 et
170 2386 188 2432 ii
199 2386 241 2447 qni
256 2386 408 2434 rubricantur
417 2385 498 2448 signa,

134 2462 163 2500 et
176 2466 233 2498 vero
249 2454 321 2500 etism
335 2460 418 2513 poeta,

135 2518 242 2580 quisque
255 2519 309 2564 vult
323 2533 394 2565 suurn
409 2531 471 2579 opus

135 2582 289 2632 considerari
301 2599 315 2630 a
328 2584 412 2646 vulgo,

137 2659 176 2708 ut,
192 2649 275 2710 siquid
284 2649 455 2712 reprehensum
467 2649 500 2695 sit

138 2731 155 2762 ι
166 2716 286 2778 pluribus,

138 2781 165 2828 id
177 2781 324 2844 corrigatur,

139 2847 215 2909 hique
225 2860 249 2894 et
261 2863 343 2895 secum

139 2922 164 2961 et
174 2928 230 2960 cum
243 2914 299 2961 aliis

141 2981 272 3041 exquirunt

141 3045 200 3106 qnid
212 3054 335 3104 peccatum
347 3045 379 3093 sit
393 3045 417 3091 in
431 3058 458 3090 eo
472 3060 478 3090 ι

140 3111 362 3234 ῗῑοΐείἷὲἲιὲξῖηηῑ,

139 3253 163 3290 et
175 3258 223 3289 non
237 3243 354 3301 facienda,

140 3319 164 3356 et
172 3308 299 3366 mutando,

139 3382 164 3422 et
175 3374 320 3437 corrigenda
332 3373 410 3432 nobis,

138 3437 230 3501 judicio
249 3442 362 3487 aliorum.

140 3507 201 3566 Quae
212 3520 268 3553 vero
280 3514 387 3569 aguntur
398 3518 463 3551 more

136 3573 304 3635 institutisque
315 3571 436 3626 civilibus,

140 3638 202 3686 nihil
215 3637 403 3700 proecipiendum
417 3644 452 3684 est

141 3705 169 3751 de
181 3705 220 3752 iis.

140 3771 187 3819 Illa
196 3771 260 3817 enim
273 3769 325 3832 ipss

141 3846 198 3883 suot
207 3843 326 3898 precepta
338 3849 345 3880 t

141 3918 185 3950 nse
193 3909 287 3966 oportet

532 868 592 915 dont
604 869 638 916 les
649 874 747 917 mattres

532 935 626 982 innitent
636 936 669 982 les
680 936 783 986 defauts.

531 1016 560 1048 eu
573 1017 618 1048 vus
633 1002 662 1048 de
674 1006 704 1048 les
715 999 826 1048 reotifier.

565 1067 595 1114 Et
606 1083 634 1114 en
646 1068 720 1113 verite
735 1067 753 1114 il
767 1067 829 1112 n'est
840 1080 882 1126 pss
896 1065 1071 1130 mel-bpropos

532 1147 591 1192 pour
602 1132 691 1179 choisir
703 1148 741 1178 ces
751 1131 834 1179 choses

531 1199 571 1258 qui
584 1208 710 1259 apportent
718 1198 750 1245 du
761 1199 841 1252 doute.

532 1264 677 1325 d'employer
688 1264 728 1310 des
740 1264 848 1310 hommes
859 1263 978 1321 instruito,

530 1343 561 1375 ou
574 1344 660 1376 encore
674 1330 847 1391 experimentis
858 1344 901 1392 par
912 1330 935 1376 la
948 1330 1068 1394 pratique,

529 1395 593 1440 etde
607 1395 743 1442 s’insortncr

530 1461 608 1522 quelle
620 1461 690 1508 chose
703 1463 787 1525 platta
800 1461 894 1508 ceux-ei

529 1542 572 1573 aur
580 1527 672 1589 chaque
684 1544 757 1591 genre
769 1527 798 1574 de
807 1527 897 1574 devoir.

528 1593 567 1640 En
579 1593 633 1640 effet
643 1595 667 1641 lc
679 1596 733 1655 plns
747 1592 839 1657 grande
852 1593 929 1656 portia

528 1669 667 1707 u·coutnme
679 1661 707 1708 de
719 1676 744 1707 ss
756 1669 835 1723 porter
846 1660 879 1714 l‘a,

528 1727 614 1773 chelle
626 1734 663 1773 est
673 1727 786 1774 conduite
795 1741 838 1788 pst·
848 1725 873 1771 la
883 1733 970 1773 nature
981 1726 1066 1772 meme.

530 1790 595 1838 Dens
607 1792 710 1854 lesquels
723 1794 741 1839 il
755 1793 807 1840 saut
818 1791 871 1838 voit·

529 1872 575 1903 nou
586 1859 717 1905 seulement

528 1923 606 1983 quelle
619 1924 690 1971 chose
700 1925 795 1972 chacun
810 1924 854 1984 dit¹

528 2003 588 2035 mars
598 2005 683 2037 encore

528 2056 607 2115 quello
617 2056 688 2103 chose
700 2056 793 2106 chaeno
805 2072 884 2120 pense,

528 2128 552 2167 et
565 2137 649 2169 encore

527 2202 569 2233 sur
581 2188 636 2248 quel
650 2187 723 2235 motii

526 2252 619 2300 chacun
632 2269 703 2315 pense
716 2257 784 2300 cinei.

526 2318 564 2365 En
572 2318 627 2366 chet
638 2335 730 2367 comrne
742 2320 775 2366 les
787 2319 900 2381 peintres.

526 2394 549 2430 et
561 2400 622 2432 ceux
637 2388 677 2447 qui
695 2386 748 2433 font
761 2386 801 2432 des
817 2393 916 2444 statues,

525 2459 549 2496 et
559 2466 588 2498 en
596 2454 670 2498 verite
679 2453 744 2498 aussi
756 2452 791 2498 les
803 2454 891 2512 poetes,

525 2516 618 2563 chacun
631 2531 687 2564 veut
698 2534 741 2564 son
751 2533 857 2579 ouvrage

525 2585 693 2630 etrsexatnins's
705 2599 748 2646 par
761 2584 782 2630 le
795 2583 887 2645 publio,

524 2647 572 2695 ofin
587 2663 641 2710 que,
659 2651 677 2696 ei
692 2650 793 2710 quelque
804 2648 875 2697 chose
887 2648 947 2697 aete
957 2648 1032 2711 repris

524 2729 567 2775 par
579 2715 612 2760 les
622 2716 676 2777 plus
688 2716 829 2773 nombreux‚

523 2781 575 2827 cela
587 2782 632 2828 soit
645 2783 747 2843 corrige,

523 2856 546 2892 et
556 2847 649 2893 ceux-ci
661 2857 685 2894 ct
700 2862 757 2894 eveo
770 2849 917 2895 eux-memes

523 2921 547 2959 et
560 2928 617 2959 avec
630 2913 663 2960 ies
677 2926 757 2961 autres

523 2979 680 3025 recherchcnt

523 3046 600 3105 quelle
607 3045 678 3092 chose
686 3046 742 3093 aete
752 3043 950 3092 faite-sveofsttte
956 3058 985 3092 en
995 3044 1061 3092 tela:

523 3112 584 3157 niosi
598 3110 625 3157 de
638 3111 856 3158 tres-nombreusos
867 3110 950 3160 choses

523 3186 546 3222 et
563 3176 659 3224 doivent
674 3183 723 3225 stre
739 3177 819 3234 saites,

523 3252 545 3289 ct
564 3258 593 3288 ue
604 3242 701 3291 doivent
710 3258 752 3306 pes
765 3246 814 3290 etro
823 3243 902 3302 saites,

523 3316 545 3354 et
556 3308 654 3356 doivent
665 3314 713 3357 etre
727 3308 855 3371 ehsngsos,

523 3385 546 3420 et
558 3375 655 3422 doivent
664 3379 713 3422 stre
725 3377 845 3438 corrigees
858 3374 945 3437 uper)
959 3389 1027 3433 nous,

523 3440 616 3501 d'upr'es
627 3441 649 3488 le
657 3441 786 3503 jugement
797 3441 911 3488 d'autres.
987 3440 1061 3504 [turno

523 3506 623 3553 Moisles
630 3506 712 3554 choses
722 3509 763 3570 qui
774 3523 799 3554 ss
808 3508 861 3554 font
868 3506 961 3569 d'uprss
973 3507 998 3554 le
1007 3520 1051 3553 eon

522 3581 545 3618 et
557 3573 591 3619 les
605 3574 754 3620 institutione
765 3573 856 3630 civiles,

523 3641 615 3685 risone
627 3638 678 3686 doit
692 3643 741 3686 stre
755 3639 856 3702 prescrit

521 3719 563 3749 sur
573 3705 637 3750 elios.

522 3769 567 3816 Ces
576 3769 659 3816 choses
669 3785 698 3816 en
710 3768 766 3816 effet
784 3770 946 3817 elles-memes

521 3843 575 3880 sont
591 3834 632 3880 des
648 3839 788 3897 preeeptest

522 3902 571 3948 etii
583 3915 613 3946 ne
625 3900 678 3947 saut
690 3915 732 3963 pos
