2364 4634
70 39 872 301 -ifl

421 790 473 834 oss
494 789 627 835 orions.
650 789 735 834 tiens
756 790 775 834 ι.
998 779 1057 839 20³

127 907 278 956 seddieitus·
514 907 575 954 mnis
586 914 623 955 est
635 906 672 953 dit
683 907 798 966 (nomme)

127 989 180 1023 une
191 974 309 1030 obsesuee
513 989 562 1020 non
576 974 890 1030 d‘unemaniereobseenet

127 1039 190 1088 dere
202 1055 299 1104 opernm
310 1039 394 1088 liberis
512 1039 604 1086 donner
614 1055 657 1085 son
667 1040 720 1086 eoin
732 1041 747 1086 d
760 1043 865 1100 procrees
876 1040 917 1089 des
928 1039 1023 1089 enisnts

127 1116 166 1154 est
175 1105 306 1155 honestum
318 1121 353 1165 re,
512 1114 548 1152 est
559 1105 664 1152 honnete
676 1122 719 1166 pur
730 1106 754 1153 is
765 1108 857 1165 reslite,

128 1175 262 1221 obseenum
274 1175 385 1222 nomine:
512 1173 613 1219 obscene
625 1188 668 1234 per
678 1174 701 1219 le
715 1188 772 1219 nom
785 1189 792 1220 t

128 1240 249 1301 pluraque
511 1248 534 1285 et
546 1238 574 1284 de
585 1239 640 1300 plus
650 1240 805 1287 nombreuses
817 1239 900 1288 choses

126 1306 154 1352 in
169 1321 222 1353 eern
232 1306 376 1353 sententium
511 1304 571 1351 dens
583 1320 672 1353 cerens

128 1372 285 1435 disputentur
296 1373 326 1419 sb
336 1371 425 1420 eisdem
511 1380 566 1419 sont
575 1371 691 1419 disentees
702 1387 746 1435 per
759 1374 897 1421 ees-memes
908 1374 1005 1422 menes

127 1446 215 1486 contre
226 1437 406 1487 verecundiam.
510 1447 592 1485 contre
607 1439 630 1486 le
639 1438 739 1501 pudeur.

126 1503 179 1552 Nos
191 1512 275 1553 sutem
510 1503 643 1554 Maisnous

127 1586 259 1633 sequemur
270 1579 383 1620 naturum
510 1572 608 1618 suivons
620 1572 644 1619 le
656 1579 743 1620 nature

127 1637 287 1700 etsugiemus
509 1637 631 1701 etsnyons

127 1703 159 1750 ub
170 1705 238 1752 omni
248 1703 313 1768 quod
325 1703 439 1751 abhorret
510 1707 556 1750 lein
574 1704 602 1751 de
617 1713 670 1753 tout
684 1721 711 1753 oe
723 1705 765 1767 qui
777 1706 884 1769 repugno

125 1769 158 1817 eb
171 1771 344 1833 approbatione
357 1771 483 1819 oculorum
509 1770 710 1834 dl’epprobetion
723 1771 763 1819 des
776 1786 842 1835 yeux

126 1837 281 1899 auriumque.
509 1844 534 1883 et
545 1836 586 1884 des
599 1840 703 1886 oreilles.

125 1902 219 1961 Suetus,
232 1904 349 1961 incessus,
509 1902 561 1961 Quo
577 1915 641 1951 notre
651 1904 778 1961 meintien,
791 1916 854 1954 notre
865 1902 999 1965 demereno,

124 1969 214 2028 sessio,
508 1980 572 2017 notre
587 1971 917 2035 muniere-denous·esse0ir,

124 2036 262 2094 eeuubstio‚
507 2046 571 2082 notre
581 2038 791 2099 postero-utente,

124 2103 219 2159 vultus,
229 2103 302 2159 oculi,
507 2112 570 2149 notre
585 2107 675 2167 vierge,
689 2120 730 2151 nos
743 2119 816 2166 yeux‚

124 2177 208 2217 motus
221 2184 347 2226 munuum,
507 2170 540 2217 les
552 2178 717 2217 rnonvements
730 2170 759 2216 de
772 2187 812 2218 nos
825 2170 913 2227 meins,

123 2245 225 2284 teneant
234 2236 296 2283 illud
307 2236 429 2283 deuotum.
507 2236 610 2297 gardent
621 2248 682 2284 cette
694 2237 844 2284 biensience.

159 2301 253 2362 Quibus
265 2304 290 2349 in
300 2302 373 2349 rebus
539 2301 606 2347 Dens
615 2302 740 2363 lesquelles
750 2303 835 2351 choses

121 2367 174 2416 duo
186 2369 292 2416 maxime
506 2367 569 2413 deux
582 2371 669 2428 desueto
680 2377 776 2415 eurtout

123 2434 242 2495 fugiende
253 2442 311 2481 sunt
323 2451 329 2481 ε
506 2432 602 2480 doivent
612 2439 661 2481 etro
673 2435 747 2481 evites
760 2451 766 2481 ι

122 2516 156 2547 ne
165 2501 197 2548 sit
209 2500 270 2564 quid
281 2500 446 2548 effeminatum
505 2500 564 2560 qu'il
577 2500 617 2561 n’y
636 2501 670 2548 eit
682 2500 785 2563 quelque
796 2499 868 2549 chose
883 2497 1017 2548 d’effktnine

122 2575 168 2614 erut
182 2568 262 2625 molle,
504 2581 536 2613 ou
552 2565 659 2622 demon,

122 2642 148 2680 et
163 2633 263 2695 nequid
276 2632 364 2680 durum
504 2642 527 2678 et
543 2634 603 2693 qu'il
614 2633 654 2694 n’p
666 2637 699 2680 nit
716 2634 819 2697 quelque
830 2632 902 2682 chose
915 2631 943 2680 de
954 2630 1000 2680 dur

122 2707 167 2746 nut
178 2700 306 2748 rustieum.
504 2713 535 2745 ou
548 2697 577 2746 de
590 2703 706 2761 tuerique.

123 2765 175 2813 Neo
185 2781 240 2813 vero
253 2765 433 2813 eoncedendum
445 2774 480 2813 est
507 2766 536 2811 lit
548 2767 663 2813 en-veritd
675 2766 692 2812 il
705 2781 735 2813 ne
748 2765 799 2814 iuut
809 2781 853 2829 pss
867 2765 983 2815 conedder

123 2831 283 2881 histrionibus
299 2833 481 2894 oratoribusque
505 2847 553 2878 eux
564 2833 700 2880 corrediens
709 2842 733 2880 et
745 2848 794 2881 surr
806 2841 916 2881 orsteurs

124 2904 153 2946 ut
164 2898 216 2946 heo
227 2898 278 2946 sint
289 2908 344 2960 epte
357 2900 398 2959 iio,
506 2914 551 2959 quo
559 2899 1047 2960 oesprs'oepursoientoouveneblesieux‚

124 2964 242 3012 dissolute
256 2966 335 3014 nobis.
506 2965 655 3013 indifferente
667 2981 729 3028 pour
743 2981 813 3014 nous.

126 3031 177 3079 llos
188 3031 286 3093 quidem
297 3031 445 3079 scenicorum
505 3030 587 3079 Certos
599 3033 741 3081 lueoutnme
753 3031 793 3081 des
804 3040 898 3082 eeteurs

124 3097 196 3145 lrnbet
207 3106 299 3145 tentam
311 3099 478 3147 verecundiam
504 3114 519 3144 a
527 3114 573 3145 uno
585 3099 715 3159 eti-prende
729 3100 823 3160 pudeur

125 3165 197 3212 veteri
212 3163 350 3228 discipline,
504 3164 596 3227 d'npr'es
609 3166 743 3213 l’uncienne
760 3165 896 3228 discipline.

126 3240 151 3278 nt
161 3246 231 3279 nemo
239 3231 369 3293 prodestin
382 3241 478 3275 sconem
503 3246 548 3291 que
560 3247 675 3293 personne
687 3247 717 3279 ne
728 3232 838 3281 s'evuuee
849 3246 891 3280 sur
906 3232 931 3281 le
945 3231 1014 3282 scene

124 3297 337 3360 sinesubliguoulo
350 3313 356 3344 ι
503 3313 559 3344 enne
573 3314 604 3345 un
614 3300 729 3360 calepon:

125 3375 236 3412 serentur
245 3365 319 3420 enim,
503 3365 535 3411 ils
548 3365 674 3428 croignent
686 3380 715 3412 en
728 3365 791 3422 eliel,

125 3446 162 3484 ne,
177 3433 197 3478 si
209 3431 314 3478 evenerit
330 3445 377 3492 quo
388 3442 446 3476 cusu
504 3445 558 3490 qne,
571 3433 608 3479 s'il
622 3432 722 3479 urriveit
734 3447 777 3494 per
792 3432 895 3494 quelque
905 3431 1014 3482 eooident

124 3503 152 3543 ut
163 3498 273 3558 quedem
282 3508 360 3560 portes
369 3493 478 3556 corporis
503 3512 549 3557 que
562 3500 679 3545 certainee
690 3500 778 3559 parties
791 3499 824 3546 du
835 3513 905 3561 eorps

122 3564 270 3626 aperientur,
503 3563 598 3611 fussent
611 3565 771 3624 de'eouvertee,
957 3565 1044 3630 [ceute.

122 3632 288 3692 adspiciuntur
299 3644 346 3675 non
360 3626 453 3674 decore.
503 3630 561 3677 elles
573 3632 651 3678 soient
671 3646 727 3677 rues
737 3647 786 3678 non
799 3631 1042 3680 d’une-meuiere-dd*

121 3696 211 3744 Nostro
229 3695 326 3759 quidem
344 3707 412 3741 more
504 3697 569 3744 Dnns
580 3713 624 3744 nos
637 3712 727 3746 rnoeurs
739 3706 814 3745 eertes

122 3762 166 3810 filii
181 3764 282 3826 puberes
502 3762 537 3809 les
546 3761 585 3810 fils
598 3763 863 3827 arrives-lt-le-pubertd

123 3845 171 3876 non
187 3831 301 3876 levantur
503 3844 533 3874 ne
545 3845 569 3876 so
581 3830 698 3893 bnignent
710 3845 754 3892 pes

122 3911 176 3943 enrn
190 3900 339 3959 parentibus,
502 3911 559 3942 eree
572 3896 606 3941 les
618 3899 692 3957 peres,

122 3978 169 4010 non
183 3963 265 4025 generi
276 3977 331 4009 oum
344 3960 441 4009 soceris.
503 3962 528 4009 ni
543 3962 577 4009 les
587 3962 688 4025 gendres
698 3977 756 4010 eveo
764 3961 799 4011 les
809 3963 976 4025 bem-peres.
