<?xml version="1.0" encoding="UTF-8"?>
<!DOCTYPE html PUBLIC "-//W3C//DTD XHTML 1.0 Transitional//EN"
    "http://www.w3.org/TR/xhtml1/DTD/xhtml1-transitional.dtd">
<html xmlns="http://www.w3.org/1999/xhtml" xml:lang="en" lang="en">
 <head>
  <title>
</title>
<meta http-equiv="Content-Type" content="text/html;charset=utf-8" />
  <meta name='ocr-system' content='tesseract 3.04.00' />
  <meta name='ocr-capabilities' content='ocr_page ocr_carea ocr_par ocr_line ocrx_word'/>
</head>
<body>
  <div class='ocr_page' id='page_1' title='image "./traitdesdevoirs00cicegoog_0386.png"; bbox 0 0 2364 4634; ppageno 0'>
   <div class='ocr_carea' id='block_1_1' title="bbox 214 705 1136 911">
    <p class='ocr_par' dir='ltr' id='par_1_1' title="bbox 214 705 1136 911">
     <span class='ocr_line' id='line_1_1' title="bbox 215 705 844 765; baseline 0.006 -4"><span class='ocrx_word' id='word_1_1' title='bbox 215 705 272 761; x_wconf 79' lang='grc'><strong>376</strong></span> <span class='ocrx_word' id='word_1_2' title='bbox 506 718 543 765; x_wconf 74' lang='lat' dir='ltr'><strong>ut</strong></span> <span class='ocrx_word' id='word_1_3' title='bbox 562 714 685 765; x_wconf 67' lang='lat' dir='ltr'><strong>osslclls</strong></span> <span class='ocrx_word' id='word_1_4' title='bbox 704 718 789 765; x_wconf 77' lang='lat' dir='ltr'><strong>tim</strong></span> <span class='ocrx_word' id='word_1_5' title='bbox 811 718 844 765; x_wconf 87' lang='lat' dir='ltr'><strong>lt.</strong></span> 
     </span>
     <span class='ocr_line' id='line_1_2' title="bbox 214 834 1136 911; baseline -0.004 -16"><span class='ocrx_word' id='word_1_6' title='bbox 214 836 441 895; x_wconf 71' lang='lat' dir='ltr'><strong>intermissionem</strong></span> <span class='ocrx_word' id='word_1_7' title='bbox 455 834 630 907; x_wconf 70' lang='lat' dir='ltr'><strong>eloquentie,</strong></span> <span class='ocrx_word' id='word_1_8' title='bbox 645 852 681 893; x_wconf 91' lang='lat' dir='ltr'><strong>ne</strong></span> <span class='ocrx_word' id='word_1_9' title='bbox 693 834 782 891; x_wconf 79' lang='lat' dir='ltr'><strong>dinem</strong></span> <span class='ocrx_word' id='word_1_10' title='bbox 793 835 945 901; x_wconf 86' lang='lat' dir='ltr'><strong>interitum.</strong></span> <span class='ocrx_word' id='word_1_11' title='bbox 961 834 1136 911; x_wconf 60' lang='lat' dir='ltr'><strong>moram.</strong></span> 
     </span>
    </p>
   </div>
   <div class='ocr_carea' id='block_1_2' title="bbox 214 930 1140 2268">
    <p class='ocr_par' dir='ltr' id='par_1_2' title="bbox 214 930 1140 2268">
     <span class='ocr_line' id='line_1_3' title="bbox 216 930 1140 1007; baseline -0.003 -18"><span class='ocrx_word' id='word_1_12' title='bbox 216 935 242 989; x_wconf 92' lang='lat' dir='ltr'><strong>ni</strong></span> <span class='ocrx_word' id='word_1_13' title='bbox 254 948 361 989; x_wconf 84' lang='lat' dir='ltr'><strong>vererer</strong></span> <span class='ocrx_word' id='word_1_14' title='bbox 373 949 408 989; x_wconf 89' lang='lat' dir='ltr'><strong>ue</strong></span> <span class='ocrx_word' id='word_1_15' title='bbox 418 932 453 990; x_wconf 87' lang='lat' dir='ltr'><strong>de</strong></span> <span class='ocrx_word' id='word_1_16' title='bbox 468 948 512 989; x_wconf 88' lang='lat' dir='ltr'><strong>me</strong></span> <span class='ocrx_word' id='word_1_17' title='bbox 523 930 584 1005; x_wconf 82' lang='lat' dir='ltr'><strong>lpse</strong></span> <span class='ocrx_word' id='word_1_18' title='bbox 596 930 698 1007; x_wconf 83' lang='lat' dir='ltr'><strong>sliquid</strong></span> <span class='ocrx_word' id='word_1_19' title='bbox 707 930 816 990; x_wconf 81' lang='lat' dir='ltr'><strong>viderer</strong></span> <span class='ocrx_word' id='word_1_20' title='bbox 824 932 913 1004; x_wconf 81' lang='lat' dir='ltr'><strong>queri.</strong></span> <span class='ocrx_word' id='word_1_21' title='bbox 925 932 983 991; x_wconf 82' lang='lat' dir='ltr'><strong>Sed</strong></span> <span class='ocrx_word' id='word_1_22' title='bbox 1001 940 1094 993; x_wconf 69' lang='lat' dir='ltr'><strong>umen</strong></span> <span class='ocrx_word' id='word_1_23' title='bbox 1105 934 1140 987; x_wconf 84' lang='lat' dir='ltr'><strong>si·</strong></span> 
     </span>
     <span class='ocr_line' id='line_1_4' title="bbox 215 1028 1138 1105; baseline 0.002 -18"><span class='ocrx_word' id='word_1_24' title='bbox 215 1032 319 1100; x_wconf 86' lang='lat' dir='ltr'><strong>demus,</strong></span> <span class='ocrx_word' id='word_1_25' title='bbox 336 1029 435 1103; x_wconf 86' lang='lat' dir='ltr'><strong>quibus</strong></span> <span class='ocrx_word' id='word_1_26' title='bbox 454 1030 598 1087; x_wconf 70' lang='lat' dir='ltr'>exstinctis</span> <span class='ocrx_word' id='word_1_27' title='bbox 616 1028 782 1099; x_wconf 84' lang='lat' dir='ltr'><strong>oratoribus,</strong></span> <span class='ocrx_word' id='word_1_28' title='bbox 800 1045 885 1103; x_wconf 83' lang='lat' dir='ltr'><strong>quam</strong></span> <span class='ocrx_word' id='word_1_29' title='bbox 902 1030 934 1087; x_wconf 90' lang='lat' dir='ltr'><strong>in</strong></span> <span class='ocrx_word' id='word_1_30' title='bbox 954 1032 1059 1105; x_wconf 69' lang='lat' dir='ltr'><strong>pesek</strong></span> <span class='ocrx_word' id='word_1_31' title='bbox 1076 1047 1138 1105; x_wconf 70' lang='lat' dir='ltr'><strong>spes</strong></span> 
     </span>
     <span class='ocr_line' id='line_1_5' title="bbox 214 1125 1110 1202; baseline 0 -19"><span class='ocrx_word' id='word_1_32' title='bbox 214 1136 316 1202; x_wconf 87' lang='lat' dir='ltr'><strong>quanto</strong></span> <span class='ocrx_word' id='word_1_33' title='bbox 329 1128 356 1183; x_wconf 91' lang='lat' dir='ltr'><strong>iu</strong></span> <span class='ocrx_word' id='word_1_34' title='bbox 367 1126 539 1201; x_wconf 73' lang='lat' dir='ltr'><strong>paucioribus</strong></span> <span class='ocrx_word' id='word_1_35' title='bbox 553 1125 677 1195; x_wconf 81' lang='lat' dir='ltr'><strong>iacultss,</strong></span> <span class='ocrx_word' id='word_1_36' title='bbox 690 1141 773 1199; x_wconf 78' lang='lat' dir='ltr'><strong>quam</strong></span> <span class='ocrx_word' id='word_1_37' title='bbox 784 1126 813 1183; x_wconf 90' lang='lat' dir='ltr'><strong>iu</strong></span> <span class='ocrx_word' id='word_1_38' title='bbox 826 1126 920 1184; x_wconf 92' lang='lat' dir='ltr'><strong>multis</strong></span> <span class='ocrx_word' id='word_1_39' title='bbox 931 1128 970 1183; x_wconf 89' lang='lat' dir='ltr'><strong>sit</strong></span> <span class='ocrx_word' id='word_1_40' title='bbox 981 1128 1110 1187; x_wconf 79' lang='lat' dir='ltr'><strong>audetis.</strong></span> 
     </span>
     <span class='ocr_line' id='line_1_6' title="bbox 249 1221 1140 1299; baseline 0 -20"><span class='ocrx_word' id='word_1_41' title='bbox 249 1222 338 1293; x_wconf 87' lang='lat' dir='ltr'><strong>Quum</strong></span> <span class='ocrx_word' id='word_1_42' title='bbox 350 1233 440 1281; x_wconf 89' lang='lat' dir='ltr'><strong>autem</strong></span> <span class='ocrx_word' id='word_1_43' title='bbox 451 1238 546 1280; x_wconf 89' lang='lat' dir='ltr'><strong>omnes</strong></span> <span class='ocrx_word' id='word_1_44' title='bbox 557 1222 738 1295; x_wconf 86' lang='lat' dir='ltr'><strong>nonpossint,</strong></span> <span class='ocrx_word' id='word_1_45' title='bbox 751 1236 787 1279; x_wconf 90' lang='lat' dir='ltr'><strong>ne</strong></span> <span class='ocrx_word' id='word_1_46' title='bbox 798 1221 1009 1297; x_wconf 79' lang='lat' dir='ltr'><strong>multiquidem.</strong></span> <span class='ocrx_word' id='word_1_47' title='bbox 1021 1236 1072 1283; x_wconf 87' lang='lat' dir='ltr'><strong>nut</strong></span> <span class='ocrx_word' id='word_1_48' title='bbox 1080 1226 1140 1299; x_wconf 69' lang='lat' dir='ltr'><strong>iusi&lt;</strong></span> 
     </span>
     <span class='ocr_line' id='line_1_7' title="bbox 216 1319 1140 1395; baseline 0.002 -19"><span class='ocrx_word' id='word_1_49' title='bbox 216 1321 293 1393; x_wconf 90' lang='lat' dir='ltr'><strong>periti</strong></span> <span class='ocrx_word' id='word_1_50' title='bbox 307 1337 370 1377; x_wconf 89' lang='lat' dir='ltr'><strong>esse</strong></span> <span class='ocrx_word' id='word_1_51' title='bbox 381 1329 428 1377; x_wconf 88' lang='lat' dir='ltr'><strong>aut</strong></span> <span class='ocrx_word' id='word_1_52' title='bbox 439 1320 547 1389; x_wconf 89' lang='lat' dir='ltr'><strong>diserti,</strong></span> <span class='ocrx_word' id='word_1_53' title='bbox 560 1319 623 1377; x_wconf 85' lang='lat' dir='ltr'><strong>lieet</strong></span> <span class='ocrx_word' id='word_1_54' title='bbox 635 1327 727 1377; x_wconf 84' lang='lat' dir='ltr'><strong>tamen</strong></span> <span class='ocrx_word' id='word_1_55' title='bbox 739 1335 822 1395; x_wconf 84' lang='lat' dir='ltr'><strong>opers</strong></span> <span class='ocrx_word' id='word_1_56' title='bbox 833 1320 967 1393; x_wconf 84' lang='lat' dir='ltr'><strong>prodesse</strong></span> <span class='ocrx_word' id='word_1_57' title='bbox 981 1322 1088 1389; x_wconf 83' lang='lat' dir='ltr'><strong>multis,</strong></span> <span class='ocrx_word' id='word_1_58' title='bbox 1102 1320 1140 1378; x_wconf 78' lang='lat' dir='ltr'><strong>ln-</strong></span> 
     </span>
     <span class='ocr_line' id='line_1_8' title="bbox 216 1415 1138 1491; baseline 0.002 -18"><span class='ocrx_word' id='word_1_59' title='bbox 216 1418 309 1474; x_wconf 81' lang='lat' dir='ltr'><strong>nosrcin</strong></span> <span class='ocrx_word' id='word_1_60' title='bbox 326 1426 470 1491; x_wconf 84' lang='lat' dir='ltr'><strong>petentem,</strong></span> <span class='ocrx_word' id='word_1_61' title='bbox 484 1415 717 1475; x_wconf 68' lang='lat' dir='ltr'><strong>commendantem</strong></span> <span class='ocrx_word' id='word_1_62' title='bbox 728 1416 868 1490; x_wconf 82' lang='lat' dir='ltr'><strong>judicibus</strong></span> <span class='ocrx_word' id='word_1_63' title='bbox 884 1425 913 1475; x_wconf 89' lang='lat' dir='ltr'><strong>et</strong></span> <span class='ocrx_word' id='word_1_64' title='bbox 923 1419 1138 1491; x_wconf 73' lang='lat' dir='ltr'><strong>magistratibus,</strong></span> 
     </span>
     <span class='ocr_line' id='line_1_9' title="bbox 215 1513 1139 1589; baseline 0.002 -20"><span class='ocrx_word' id='word_1_65' title='bbox 215 1515 369 1587; x_wconf 80' lang='lat' dir='ltr'><strong>vigilantem</strong></span> <span class='ocrx_word' id='word_1_66' title='bbox 385 1531 433 1587; x_wconf 90' lang='lat' dir='ltr'><strong>pro</strong></span> <span class='ocrx_word' id='word_1_67' title='bbox 443 1530 473 1571; x_wconf 90' lang='lat' dir='ltr'><strong>re</strong></span> <span class='ocrx_word' id='word_1_68' title='bbox 485 1513 605 1579; x_wconf 84' lang='lat' dir='ltr'><strong>alterius,</strong></span> <span class='ocrx_word' id='word_1_69' title='bbox 619 1528 668 1571; x_wconf 92' lang='lat' dir='ltr'><strong>eos</strong></span> <span class='ocrx_word' id='word_1_70' title='bbox 682 1515 765 1589; x_wconf 85' lang='lat' dir='ltr'><strong>ipsos.</strong></span> <span class='ocrx_word' id='word_1_71' title='bbox 778 1513 827 1587; x_wconf 88' lang='lat' dir='ltr'><strong>qni</strong></span> <span class='ocrx_word' id='word_1_72' title='bbox 839 1523 887 1571; x_wconf 86' lang='lat' dir='ltr'><strong>snt</strong></span> <span class='ocrx_word' id='word_1_73' title='bbox 899 1516 1085 1574; x_wconf 81' lang='lat' dir='ltr'><strong>consuluntur</strong></span> <span class='ocrx_word' id='word_1_74' title='bbox 1097 1526 1139 1573; x_wconf 86' lang='lat' dir='ltr'><strong>aut</strong></span> 
     </span>
     <span class='ocr_line' id='line_1_10' title="bbox 214 1609 1139 1687; baseline 0.006 -23"><span class='ocrx_word' id='word_1_75' title='bbox 214 1609 373 1683; x_wconf 78' lang='lat' dir='ltr'><strong>defendunt,</strong></span> <span class='ocrx_word' id='word_1_76' title='bbox 400 1619 539 1683; x_wconf 79' lang='lat' dir='ltr'><strong>rogantem</strong></span> <span class='ocrx_word' id='word_1_77' title='bbox 563 1611 662 1682; x_wconf 88' lang='lat' dir='ltr'><strong>:quod</strong></span> <span class='ocrx_word' id='word_1_78' title='bbox 684 1611 731 1684; x_wconf 87' lang='lat' dir='ltr'><strong>qul</strong></span> <span class='ocrx_word' id='word_1_79' title='bbox 747 1610 850 1668; x_wconf 77' lang='lat' dir='ltr'><strong>iaciunt</strong></span> <span class='ocrx_word' id='word_1_80' title='bbox 873 1612 1022 1685; x_wconf 89' lang='lat' dir='ltr'><strong>plurimum</strong></span> <span class='ocrx_word' id='word_1_81' title='bbox 1047 1616 1139 1687; x_wconf 81' lang='lat' dir='ltr'><strong>gratier</strong></span> 
     </span>
     <span class='ocr_line' id='line_1_11' title="bbox 214 1709 1138 1782; baseline 0.005 -18"><span class='ocrx_word' id='word_1_82' title='bbox 214 1718 425 1782; x_wconf 84' lang='lat' dir='ltr'><strong>consequuntur,</strong></span> <span class='ocrx_word' id='word_1_83' title='bbox 438 1709 621 1782; x_wconf 73' lang='lat' dir='ltr'><strong>latissimeque</strong></span> <span class='ocrx_word' id='word_1_84' title='bbox 635 1724 729 1765; x_wconf 91' lang='lat' dir='ltr'><strong>eorum</strong></span> <span class='ocrx_word' id='word_1_85' title='bbox 741 1716 836 1766; x_wconf 77' lang='lat' dir='ltr'><strong>mersat</strong></span> <span class='ocrx_word' id='word_1_86' title='bbox 848 1710 989 1767; x_wconf 84' lang='lat' dir='ltr'><strong>industria.</strong></span> <span class='ocrx_word' id='word_1_87' title='bbox 1000 1712 1066 1769; x_wconf 83' lang='lat' dir='ltr'><strong>Jarn</strong></span> <span class='ocrx_word' id='word_1_88' title='bbox 1076 1712 1138 1769; x_wconf 92' lang='lat' dir='ltr'><strong>illud</strong></span> 
     </span>
     <span class='ocr_line' id='line_1_12' title="bbox 214 1805 1137 1880; baseline 0.009 -21"><span class='ocrx_word' id='word_1_89' title='bbox 214 1820 269 1860; x_wconf 93' lang='lat' dir='ltr'><strong>non</strong></span> <span class='ocrx_word' id='word_1_90' title='bbox 282 1814 346 1860; x_wconf 90' lang='lat' dir='ltr'><strong>sunt</strong></span> <span class='ocrx_word' id='word_1_91' title='bbox 360 1805 522 1861; x_wconf 89' lang='lat' dir='ltr'><strong>admonendi</strong></span> <span class='ocrx_word' id='word_1_92' title='bbox 538 1808 594 1877; x_wconf 88' lang='lat' dir='ltr'><strong>(est</strong></span> <span class='ocrx_word' id='word_1_93' title='bbox 606 1808 678 1862; x_wconf 91' lang='lat' dir='ltr'><strong>enim</strong></span> <span class='ocrx_word' id='word_1_94' title='bbox 692 1806 720 1862; x_wconf 93' lang='lat' dir='ltr'><strong>in</strong></span> <span class='ocrx_word' id='word_1_95' title='bbox 742 1809 891 1880; x_wconf 85' lang='lat' dir='ltr'><strong>promptu),</strong></span> <span class='ocrx_word' id='word_1_96' title='bbox 908 1816 939 1863; x_wconf 94' lang='lat' dir='ltr'><strong>ut</strong></span> <span class='ocrx_word' id='word_1_97' title='bbox 952 1808 1079 1865; x_wconf 82' lang='lat' dir='ltr'><strong>animum</strong></span> <span class='ocrx_word' id='word_1_98' title='bbox 1091 1810 1137 1867; x_wconf 87' lang='lat' dir='ltr'><strong>sd·</strong></span> 
     </span>
     <span class='ocr_line' id='line_1_13' title="bbox 216 1901 1139 1980; baseline 0.013 -26"><span class='ocrx_word' id='word_1_99' title='bbox 216 1908 331 1968; x_wconf 81' lang='lat' dir='ltr'><strong>vertant,</strong></span> <span class='ocrx_word' id='word_1_100' title='bbox 351 1917 434 1973; x_wconf 88' lang='lat' dir='ltr'><strong>quum</strong></span> <span class='ocrx_word' id='word_1_101' title='bbox 454 1901 521 1959; x_wconf 85' lang='lat' dir='ltr'><strong>alios</strong></span> <span class='ocrx_word' id='word_1_102' title='bbox 531 1904 627 1974; x_wconf 83' lang='lat' dir='ltr'><strong>juvare</strong></span> <span class='ocrx_word' id='word_1_103' title='bbox 641 1902 736 1970; x_wconf 81' lang='lat' dir='ltr'><strong>uelint,</strong></span> <span class='ocrx_word' id='word_1_104' title='bbox 755 1918 790 1959; x_wconf 90' lang='lat' dir='ltr'><strong>ne</strong></span> <span class='ocrx_word' id='word_1_105' title='bbox 811 1918 881 1974; x_wconf 86' lang='lat' dir='ltr'><strong>quos</strong></span> <span class='ocrx_word' id='word_1_106' title='bbox 896 1904 1048 1963; x_wconf 78' lang='lat' dir='ltr'><strong>offendant.</strong></span> <span class='ocrx_word' id='word_1_107' title='bbox 1063 1906 1139 1980; x_wconf 73' lang='lat' dir='ltr'><strong>Seps</strong></span> 
     </span>
     <span class='ocr_line' id='line_1_14' title="bbox 216 1997 1138 2074; baseline 0.008 -21"><span class='ocrx_word' id='word_1_108' title='bbox 216 1997 288 2053; x_wconf 87' lang='lat' dir='ltr'><strong>enim</strong></span> <span class='ocrx_word' id='word_1_109' title='bbox 303 2005 350 2052; x_wconf 90' lang='lat' dir='ltr'><strong>aut</strong></span> <span class='ocrx_word' id='word_1_110' title='bbox 364 2013 410 2054; x_wconf 87' lang='lat' dir='ltr'><strong>eos</strong></span> <span class='ocrx_word' id='word_1_111' title='bbox 424 1997 527 2055; x_wconf 76' lang='lat' dir='ltr'><strong>laedunt</strong></span> <span class='ocrx_word' id='word_1_112' title='bbox 541 2014 611 2071; x_wconf 90' lang='lat' dir='ltr'><strong>quos</strong></span> <span class='ocrx_word' id='word_1_113' title='bbox 625 1998 800 2067; x_wconf 81' lang='lat' dir='ltr'><strong>nordebert,</strong></span> <span class='ocrx_word' id='word_1_114' title='bbox 815 2008 864 2056; x_wconf 86' lang='lat' dir='ltr'><strong>aut</strong></span> <span class='ocrx_word' id='word_1_115' title='bbox 876 2015 924 2057; x_wconf 90' lang='lat' dir='ltr'><strong>eos</strong></span> <span class='ocrx_word' id='word_1_116' title='bbox 937 2016 1009 2074; x_wconf 87' lang='lat' dir='ltr'><strong>qnos</strong></span> <span class='ocrx_word' id='word_1_117' title='bbox 1022 2018 1079 2059; x_wconf 86' lang='lat' dir='ltr'><strong>nen</strong></span> <span class='ocrx_word' id='word_1_118' title='bbox 1091 2020 1138 2059; x_wconf 83' lang='lat' dir='ltr'><strong>es·</strong></span> 
     </span>
     <span class='ocr_line' id='line_1_15' title="bbox 217 2094 1137 2167; baseline 0.007 -19"><span class='ocrx_word' id='word_1_119' title='bbox 217 2094 298 2166; x_wconf 82' lang='lat' dir='ltr'><strong>pedit.</strong></span> <span class='ocrx_word' id='word_1_120' title='bbox 310 2095 338 2151; x_wconf 90' lang='lat' dir='ltr'><strong>Si</strong></span> <span class='ocrx_word' id='word_1_121' title='bbox 347 2095 538 2167; x_wconf 84' lang='lat' dir='ltr'><strong>imprudentes,</strong></span> <span class='ocrx_word' id='word_1_122' title='bbox 548 2095 719 2167; x_wconf 77' lang='lat' dir='ltr'><strong>negligentias</strong></span> <span class='ocrx_word' id='word_1_123' title='bbox 729 2105 785 2166; x_wconf 84' lang='lat' dir='ltr'><strong>est;</strong></span> <span class='ocrx_word' id='word_1_124' title='bbox 800 2096 823 2152; x_wconf 91' lang='lat' dir='ltr'><strong>si</strong></span> <span class='ocrx_word' id='word_1_125' title='bbox 833 2095 960 2167; x_wconf 77' lang='lat' dir='ltr'><strong>seientes,</strong></span> <span class='ocrx_word' id='word_1_126' title='bbox 970 2100 1137 2157; x_wconf 84' lang='lat' dir='ltr'><strong>temeritatis.</strong></span> 
     </span>
     <span class='ocr_line' id='line_1_16' title="bbox 218 2192 1138 2268; baseline 0.002 -18"><span class='ocrx_word' id='word_1_127' title='bbox 218 2192 351 2250; x_wconf 86' lang='lat' dir='ltr'><strong>Utendum</strong></span> <span class='ocrx_word' id='word_1_128' title='bbox 366 2192 448 2248; x_wconf 86' lang='lat' dir='ltr'><strong>etism</strong></span> <span class='ocrx_word' id='word_1_129' title='bbox 463 2201 506 2249; x_wconf 84' lang='lat' dir='ltr'><strong>est</strong></span> <span class='ocrx_word' id='word_1_130' title='bbox 519 2193 694 2248; x_wconf 81' lang='lat' dir='ltr'><strong>excusatione</strong></span> <span class='ocrx_word' id='word_1_131' title='bbox 715 2194 846 2249; x_wconf 77' lang='lat' dir='ltr'><strong>adversus</strong></span> <span class='ocrx_word' id='word_1_132' title='bbox 863 2208 928 2263; x_wconf 87' lang='lat' dir='ltr'><strong>eos,</strong></span> <span class='ocrx_word' id='word_1_133' title='bbox 950 2209 1019 2268; x_wconf 85' lang='lat' dir='ltr'><strong>quoe</strong></span> <span class='ocrx_word' id='word_1_134' title='bbox 1037 2196 1138 2252; x_wconf 84' lang='lat' dir='ltr'><strong>invitus</strong></span> 
     </span>
    </p>
   </div>
   <div class='ocr_carea' id='block_1_3' title="bbox 215 2457 1140 3941">
    <p class='ocr_par' dir='ltr' id='par_1_3' title="bbox 215 2457 1140 2877">
     <span class='ocr_line' id='line_1_17' title="bbox 215 2457 1139 2525; baseline 0.002 -18"><span class='ocrx_word' id='word_1_135' title='bbox 215 2459 297 2513; x_wconf 75' lang='lat' dir='ltr'><strong>dener.</strong></span> <span class='ocrx_word' id='word_1_136' title='bbox 310 2472 371 2520; x_wconf 89' lang='lat' dir='ltr'><strong>pour</strong></span> <span class='ocrx_word' id='word_1_137' title='bbox 386 2473 470 2520; x_wconf 81' lang='lat' dir='ltr'><strong>nepes</strong></span> <span class='ocrx_word' id='word_1_138' title='bbox 486 2457 538 2506; x_wconf 90' lang='lat' dir='ltr'><strong>dire</strong></span> <span class='ocrx_word' id='word_1_139' title='bbox 549 2459 701 2506; x_wconf 88' lang='lat' dir='ltr'><strong>l&#39;extinotion</strong></span> <span class='ocrx_word' id='word_1_140' title='bbox 714 2459 804 2506; x_wconf 81' lang='lat' dir='ltr'><strong>entiire</strong></span> <span class='ocrx_word' id='word_1_141' title='bbox 820 2457 849 2505; x_wconf 86' lang='lat' dir='ltr'><strong>de</strong></span> <span class='ocrx_word' id='word_1_142' title='bbox 866 2459 1022 2521; x_wconf 75' lang='lat' dir='ltr'><strong>l&#39;eloquenee‚</strong></span> <span class='ocrx_word' id='word_1_143' title='bbox 1037 2463 1058 2508; x_wconf 91' lang='lat' dir='ltr'><strong>si</strong></span> <span class='ocrx_word' id='word_1_144' title='bbox 1067 2463 1094 2525; x_wconf 84' lang='lat' dir='ltr'><strong>je</strong></span> <span class='ocrx_word' id='word_1_145' title='bbox 1112 2477 1139 2509; x_wconf 92' lang='lat' dir='ltr'><strong>ue</strong></span> 
     </span>
     <span class='ocr_line' id='line_1_18' title="bbox 216 2546 1140 2611; baseline 0.004 -15"><span class='ocrx_word' id='word_1_146' title='bbox 216 2546 338 2609; x_wconf 73' lang='lat' dir='ltr'><strong>crnigusis</strong></span> <span class='ocrx_word' id='word_1_147' title='bbox 358 2549 431 2608; x_wconf 84' lang='lat' dir='ltr'><strong>qu&#39;on</strong></span> <span class='ocrx_word' id='word_1_148' title='bbox 451 2561 480 2594; x_wconf 87' lang='lat' dir='ltr'><strong>na</strong></span> <span class='ocrx_word' id='word_1_149' title='bbox 495 2550 550 2594; x_wconf 79' lang='lat' dir='ltr'><strong>erut</strong></span> <span class='ocrx_word' id='word_1_150' title='bbox 564 2562 610 2610; x_wconf 90' lang='lat' dir='ltr'><strong>que</strong></span> <span class='ocrx_word' id='word_1_151' title='bbox 630 2553 688 2596; x_wconf 86' lang='lat' dir='ltr'><strong>o&#39;est</strong></span> <span class='ocrx_word' id='word_1_152' title='bbox 705 2548 845 2597; x_wconf 71' lang='lat' dir='ltr'><strong>moi-meme</strong></span> <span class='ocrx_word' id='word_1_153' title='bbox 863 2563 908 2610; x_wconf 88' lang='lat' dir='ltr'><strong>qne</strong></span> <span class='ocrx_word' id='word_1_154' title='bbox 921 2549 946 2611; x_wconf 85' lang='lat' dir='ltr'><strong>je</strong></span> <span class='ocrx_word' id='word_1_155' title='bbox 961 2549 1050 2611; x_wconf 85' lang='lat' dir='ltr'><strong>plnins.</strong></span> <span class='ocrx_word' id='word_1_156' title='bbox 1072 2550 1140 2600; x_wconf 82' lang='lat' dir='ltr'><strong>Nous</strong></span> 
     </span>
     <span class='ocr_line' id='line_1_19' title="bbox 217 2634 1139 2699; baseline 0.007 -17"><span class='ocrx_word' id='word_1_157' title='bbox 217 2649 308 2698; x_wconf 81' lang='lat' dir='ltr'><strong>noyons</strong></span> <span class='ocrx_word' id='word_1_158' title='bbox 319 2634 453 2696; x_wconf 83' lang='lat' dir='ltr'><strong>cependnnt</strong></span> <span class='ocrx_word' id='word_1_159' title='bbox 463 2636 530 2696; x_wconf 88' lang='lat' dir='ltr'><strong>queis</strong></span> <span class='ocrx_word' id='word_1_160' title='bbox 540 2636 631 2698; x_wconf 78' lang='lat' dir='ltr'><strong>grande</strong></span> <span class='ocrx_word' id='word_1_161' title='bbox 642 2645 752 2685; x_wconf 85' lang='lat' dir='ltr'><strong>orstsnre</strong></span> <span class='ocrx_word' id='word_1_162' title='bbox 762 2652 824 2684; x_wconf 86' lang='lat' dir='ltr'><strong>mnus</strong></span> <span class='ocrx_word' id='word_1_163' title='bbox 834 2652 908 2684; x_wconf 84' lang='lat' dir='ltr'><strong>avone</strong></span> <span class='ocrx_word' id='word_1_164' title='bbox 916 2637 1014 2699; x_wconf 87' lang='lat' dir='ltr'><strong>perdns,</strong></span> <span class='ocrx_word' id='word_1_165' title='bbox 1029 2642 1139 2688; x_wconf 86' lang='lat' dir='ltr'><strong>eombien</strong></span> 
     </span>
     <span class='ocr_line' id='line_1_20' title="bbox 216 2723 1140 2792; baseline 0.008 -20"><span class='ocrx_word' id='word_1_166' title='bbox 216 2727 232 2772; x_wconf 93' lang='lat' dir='ltr'><strong>il</strong></span> <span class='ocrx_word' id='word_1_167' title='bbox 246 2740 274 2772; x_wconf 90' lang='lat' dir='ltr'><strong>on</strong></span> <span class='ocrx_word' id='word_1_168' title='bbox 287 2734 349 2771; x_wconf 86' lang='lat' dir='ltr'><strong>reste</strong></span> <span class='ocrx_word' id='word_1_169' title='bbox 362 2738 407 2786; x_wconf 88' lang='lat' dir='ltr'><strong>peu</strong></span> <span class='ocrx_word' id='word_1_170' title='bbox 418 2725 459 2786; x_wconf 89' lang='lat' dir='ltr'><strong>qui</strong></span> <span class='ocrx_word' id='word_1_171' title='bbox 474 2723 582 2773; x_wconf 89' lang='lat' dir='ltr'><strong>donnent</strong></span> <span class='ocrx_word' id='word_1_172' title='bbox 595 2725 636 2774; x_wconf 88' lang='lat' dir='ltr'><strong>des</strong></span> <span class='ocrx_word' id='word_1_173' title='bbox 647 2729 795 2790; x_wconf 75' lang='lat' dir='ltr'><strong>espersnees,</strong></span> <span class='ocrx_word' id='word_1_174' title='bbox 809 2736 832 2774; x_wconf 90' lang='lat' dir='ltr'><strong>et</strong></span> <span class='ocrx_word' id='word_1_175' title='bbox 849 2726 959 2774; x_wconf 88' lang='lat' dir='ltr'><strong>combien</strong></span> <span class='ocrx_word' id='word_1_176' title='bbox 971 2727 1040 2775; x_wconf 88' lang='lat' dir='ltr'><strong>u&#39;nnt</strong></span> <span class='ocrx_word' id='word_1_177' title='bbox 1052 2744 1100 2792; x_wconf 88' lang='lat' dir='ltr'><strong>que</strong></span> <span class='ocrx_word' id='word_1_178' title='bbox 1112 2733 1140 2779; x_wconf 87' lang='lat' dir='ltr'><strong>da</strong></span> 
     </span>
     <span class='ocr_line' id='line_1_21' title="bbox 216 2812 425 2877; baseline -0.019 -14"><span class='ocrx_word' id='word_1_179' title='bbox 216 2814 239 2864; x_wconf 85' lang='lat' dir='ltr'><strong>ln</strong></span> <span class='ocrx_word' id='word_1_180' title='bbox 252 2812 425 2877; x_wconf 77' lang='lat' dir='ltr'><strong>prisomption.</strong></span> 
     </span>
    </p>

    <p class='ocr_par' dir='ltr' id='par_1_4' title="bbox 216 2899 1140 3941">
     <span class='ocr_line' id='line_1_22' title="bbox 249 2899 1138 2965; baseline 0.001 -15"><span class='ocrx_word' id='word_1_181' title='bbox 249 2902 269 2951; x_wconf 91' lang='lat' dir='ltr'><strong>ll</strong></span> <span class='ocrx_word' id='word_1_182' title='bbox 282 2902 342 2950; x_wconf 84' lang='lat' dir='ltr'><strong>n&#39;est</strong></span> <span class='ocrx_word' id='word_1_183' title='bbox 353 2915 395 2965; x_wconf 82' lang='lat' dir='ltr'><strong>pas</strong></span> <span class='ocrx_word' id='word_1_184' title='bbox 406 2899 485 2949; x_wconf 76' lang='lat' dir='ltr'><strong>dentre</strong></span> <span class='ocrx_word' id='word_1_185' title='bbox 494 2904 509 2950; x_wconf 80' lang='lat' dir='ltr'><strong>t</strong></span> <span class='ocrx_word' id='word_1_186' title='bbox 519 2910 571 2951; x_wconf 90' lang='lat' dir='ltr'><strong>toul</strong></span> <span class='ocrx_word' id='word_1_187' title='bbox 583 2904 606 2951; x_wconf 92' lang='lat' dir='ltr'><strong>le</strong></span> <span class='ocrx_word' id='word_1_188' title='bbox 618 2903 706 2950; x_wconf 81' lang='lat' dir='ltr'><strong>merida</strong></span> <span class='ocrx_word' id='word_1_189' title='bbox 716 2903 791 2950; x_wconf 79' lang='lat' dir='ltr'><strong>d&#39;dtre</strong></span> <span class='ocrx_word' id='word_1_190' title='bbox 799 2902 972 2964; x_wconf 74' lang='lat' dir='ltr'><strong>jurisconsulto</strong></span> <span class='ocrx_word' id='word_1_191' title='bbox 984 2903 1008 2949; x_wconf 89' lang='lat' dir='ltr'><strong>ni</strong></span> <span class='ocrx_word' id='word_1_192' title='bbox 1023 2912 1138 2960; x_wconf 82' lang='lat' dir='ltr'><strong>orateur;</strong></span> 
     </span>
     <span class='ocr_line' id='line_1_23' title="bbox 216 2990 1139 3056; baseline 0.002 -16"><span class='ocrx_word' id='word_1_193' title='bbox 216 2993 233 3040; x_wconf 89' lang='lat' dir='ltr'><strong>il</strong></span> <span class='ocrx_word' id='word_1_194' title='bbox 243 3007 259 3056; x_wconf 74' lang='lat' dir='ltr'><strong>p·</strong></span> <span class='ocrx_word' id='word_1_195' title='bbox 268 3006 298 3039; x_wconf 90' lang='lat' dir='ltr'><strong>en</strong></span> <span class='ocrx_word' id='word_1_196' title='bbox 308 2992 408 3039; x_wconf 68' lang='lat' dir='ltr'><strong>semime</strong></span> <span class='ocrx_word' id='word_1_197' title='bbox 417 2990 473 3039; x_wconf 83' lang='lat' dir='ltr'><strong>bien</strong></span> <span class='ocrx_word' id='word_1_198' title='bbox 482 3006 527 3054; x_wconf 89' lang='lat' dir='ltr'><strong>pen</strong></span> <span class='ocrx_word' id='word_1_199' title='bbox 535 2993 575 3054; x_wconf 87' lang='lat' dir='ltr'><strong>qui</strong></span> <span class='ocrx_word' id='word_1_200' title='bbox 584 3006 613 3039; x_wconf 86' lang='lat' dir='ltr'><strong>en</strong></span> <span class='ocrx_word' id='word_1_201' title='bbox 623 2992 700 3039; x_wconf 89' lang='lat' dir='ltr'><strong>soient</strong></span> <span class='ocrx_word' id='word_1_202' title='bbox 708 2992 828 3054; x_wconf 86' lang='lat' dir='ltr'><strong>espables.</strong></span> <span class='ocrx_word' id='word_1_203' title='bbox 837 2991 906 3045; x_wconf 80' lang='lat' dir='ltr'><strong>lllsis,</strong></span> <span class='ocrx_word' id='word_1_204' title='bbox 913 2991 1046 3053; x_wconf 90' lang='lat' dir='ltr'><strong>quoiqn&#39;on</strong></span> <span class='ocrx_word' id='word_1_205' title='bbox 1055 3008 1084 3040; x_wconf 90' lang='lat' dir='ltr'><strong>ne</strong></span> <span class='ocrx_word' id='word_1_206' title='bbox 1092 2997 1128 3042; x_wconf 89' lang='lat' dir='ltr'><strong>sni</strong></span> <span class='ocrx_word' id='word_1_207' title='bbox 1132 3010 1139 3042; x_wconf 86' lang='grc' dir='ltr'><strong>ι</strong></span> 
     </span>
     <span class='ocr_line' id='line_1_24' title="bbox 217 3081 1139 3145; baseline 0.003 -14"><span class='ocrx_word' id='word_1_208' title='bbox 217 3084 241 3132; x_wconf 90' lang='lat' dir='ltr'><strong>ni</strong></span> <span class='ocrx_word' id='word_1_209' title='bbox 252 3083 303 3130; x_wconf 88' lang='lat' dir='ltr'><strong>l&#39;un</strong></span> <span class='ocrx_word' id='word_1_210' title='bbox 314 3082 339 3130; x_wconf 93' lang='lat' dir='ltr'><strong>ni</strong></span> <span class='ocrx_word' id='word_1_211' title='bbox 352 3082 448 3138; x_wconf 69' lang='lat' dir='ltr'><strong>luntre,</strong></span> <span class='ocrx_word' id='word_1_212' title='bbox 462 3097 492 3129; x_wconf 89' lang='lat' dir='ltr'><strong>on</strong></span> <span class='ocrx_word' id='word_1_213' title='bbox 506 3096 536 3129; x_wconf 85' lang='lat' dir='ltr'><strong>ne</strong></span> <span class='ocrx_word' id='word_1_214' title='bbox 547 3082 619 3129; x_wconf 84' lang='lat' dir='ltr'><strong>leisse</strong></span> <span class='ocrx_word' id='word_1_215' title='bbox 634 3096 676 3144; x_wconf 85' lang='lat' dir='ltr'><strong>pns</strong></span> <span class='ocrx_word' id='word_1_216' title='bbox 687 3081 716 3129; x_wconf 90' lang='lat' dir='ltr'><strong>de</strong></span> <span class='ocrx_word' id='word_1_217' title='bbox 728 3083 828 3144; x_wconf 85' lang='lat' dir='ltr'><strong>pouuoir</strong></span> <span class='ocrx_word' id='word_1_218' title='bbox 841 3083 900 3130; x_wconf 82' lang='lat' dir='ltr'><strong>faire</strong></span> <span class='ocrx_word' id='word_1_219' title='bbox 911 3082 993 3145; x_wconf 84' lang='lat' dir='ltr'><strong>plaisir</strong></span> <span class='ocrx_word' id='word_1_220' title='bbox 1004 3084 1019 3131; x_wconf 81' lang='lat' dir='ltr'><strong>ie</strong></span> <span class='ocrx_word' id='word_1_221' title='bbox 1029 3084 1085 3133; x_wconf 89' lang='lat' dir='ltr'><strong>bien</strong></span> <span class='ocrx_word' id='word_1_222' title='bbox 1098 3086 1139 3134; x_wconf 87' lang='lat' dir='ltr'><strong>des</strong></span> 
     </span>
     <span class='ocr_line' id='line_1_25' title="bbox 217 3169 1140 3236; baseline 0.007 -19"><span class='ocrx_word' id='word_1_223' title='bbox 217 3187 286 3233; x_wconf 72' lang='lat' dir='ltr'><strong>pane,</strong></span> <span class='ocrx_word' id='word_1_224' title='bbox 298 3185 328 3218; x_wconf 84' lang='lat' dir='ltr'><strong>en</strong></span> <span class='ocrx_word' id='word_1_225' title='bbox 344 3169 490 3218; x_wconf 83' lang='lat' dir='ltr'><strong>demandant</strong></span> <span class='ocrx_word' id='word_1_226' title='bbox 502 3186 563 3233; x_wconf 92' lang='lat' dir='ltr'><strong>pour</strong></span> <span class='ocrx_word' id='word_1_227' title='bbox 579 3184 636 3223; x_wconf 84' lang='lat' dir='ltr'><strong>aux.</strong></span> <span class='ocrx_word' id='word_1_228' title='bbox 654 3185 683 3218; x_wconf 91' lang='lat' dir='ltr'><strong>en</strong></span> <span class='ocrx_word' id='word_1_229' title='bbox 700 3170 736 3218; x_wconf 85' lang='lat' dir='ltr'><strong>les</strong></span> <span class='ocrx_word' id='word_1_230' title='bbox 754 3171 953 3219; x_wconf 80' lang='lat' dir='ltr'><strong>recommendant</strong></span> <span class='ocrx_word' id='word_1_231' title='bbox 969 3187 1018 3219; x_wconf 87' lang='lat' dir='ltr'><strong>aux</strong></span> <span class='ocrx_word' id='word_1_232' title='bbox 1030 3174 1104 3236; x_wconf 81' lang='lat' dir='ltr'><strong>juges</strong></span> <span class='ocrx_word' id='word_1_233' title='bbox 1116 3190 1140 3224; x_wconf 85' lang='lat' dir='ltr'><strong>et</strong></span> 
     </span>
     <span class='ocr_line' id='line_1_26' title="bbox 217 3258 1138 3323; baseline 0.004 -16"><span class='ocrx_word' id='word_1_234' title='bbox 217 3275 265 3307; x_wconf 79' lang='lat' dir='ltr'><strong>sius</strong></span> <span class='ocrx_word' id='word_1_235' title='bbox 279 3258 429 3322; x_wconf 78' lang='lat' dir='ltr'><strong>magistrats,</strong></span> <span class='ocrx_word' id='word_1_236' title='bbox 441 3273 470 3306; x_wconf 90' lang='lat' dir='ltr'><strong>en</strong></span> <span class='ocrx_word' id='word_1_237' title='bbox 483 3258 584 3307; x_wconf 79' lang='lat' dir='ltr'><strong>veillant</strong></span> <span class='ocrx_word' id='word_1_238' title='bbox 596 3261 611 3306; x_wconf 87' lang='lat' dir='ltr'><strong>&#39;s</strong></span> <span class='ocrx_word' id='word_1_239' title='bbox 624 3259 689 3305; x_wconf 87' lang='lat' dir='ltr'><strong>leurs</strong></span> <span class='ocrx_word' id='word_1_240' title='bbox 702 3259 809 3317; x_wconf 71' lang='lat' dir='ltr'><strong>intortus,</strong></span> <span class='ocrx_word' id='word_1_241' title='bbox 822 3275 850 3305; x_wconf 88' lang='lat' dir='ltr'><strong>en</strong></span> <span class='ocrx_word' id='word_1_242' title='bbox 866 3261 998 3307; x_wconf 81' lang='lat' dir='ltr'><strong>sollicitant</strong></span> <span class='ocrx_word' id='word_1_243' title='bbox 1013 3275 1075 3323; x_wconf 89' lang='lat' dir='ltr'><strong>pour</strong></span> <span class='ocrx_word' id='word_1_244' title='bbox 1091 3279 1138 3312; x_wconf 80' lang='lat' dir='ltr'><strong>eux</strong></span> 
     </span>
     <span class='ocr_line' id='line_1_27' title="bbox 217 3345 1139 3416; baseline 0 -17"><span class='ocrx_word' id='word_1_245' title='bbox 217 3348 251 3399; x_wconf 82' lang='lat' dir='ltr'><strong>los</strong></span> <span class='ocrx_word' id='word_1_246' title='bbox 263 3346 448 3411; x_wconf 83' lang='lat' dir='ltr'><strong>jurisconsultes</strong></span> <span class='ocrx_word' id='word_1_247' title='bbox 459 3355 483 3394; x_wconf 91' lang='lat' dir='ltr'><strong>et</strong></span> <span class='ocrx_word' id='word_1_248' title='bbox 494 3348 528 3395; x_wconf 86' lang='lat' dir='ltr'><strong>les</strong></span> <span class='ocrx_word' id='word_1_249' title='bbox 540 3355 646 3396; x_wconf 70' lang='lat' dir='ltr'><strong>evocate</strong></span> <span class='ocrx_word' id='word_1_250' title='bbox 655 3345 719 3395; x_wconf 86' lang='lat' dir='ltr'><strong>C&#39;est</strong></span> <span class='ocrx_word' id='word_1_251' title='bbox 728 3363 762 3395; x_wconf 86' lang='lat' dir='ltr'><strong>un</strong></span> <span class='ocrx_word' id='word_1_252' title='bbox 772 3362 859 3411; x_wconf 76' lang='lat' dir='ltr'><strong>moyen</strong></span> <span class='ocrx_word' id='word_1_253' title='bbox 869 3346 898 3394; x_wconf 90' lang='lat' dir='ltr'><strong>de</strong></span> <span class='ocrx_word' id='word_1_254' title='bbox 908 3362 932 3394; x_wconf 87' lang='lat' dir='ltr'><strong>se</strong></span> <span class='ocrx_word' id='word_1_255' title='bbox 942 3347 1002 3395; x_wconf 84' lang='lat' dir='ltr'><strong>inire</strong></span> <span class='ocrx_word' id='word_1_256' title='bbox 1014 3349 1139 3416; x_wconf 83' lang='lat' dir='ltr'><strong>beaucoup</strong></span> 
     </span>
     <span class='ocr_line' id='line_1_28' title="bbox 217 3434 1139 3499; baseline 0.003 -14"><span class='ocrx_word' id='word_1_257' title='bbox 217 3436 302 3485; x_wconf 81' lang='lat' dir='ltr'><strong>d’utnis</strong></span> <span class='ocrx_word' id='word_1_258' title='bbox 314 3444 338 3484; x_wconf 89' lang='lat' dir='ltr'><strong>et</strong></span> <span class='ocrx_word' id='word_1_259' title='bbox 349 3434 377 3483; x_wconf 90' lang='lat' dir='ltr'><strong>de</strong></span> <span class='ocrx_word' id='word_1_260' title='bbox 390 3436 518 3498; x_wconf 86' lang='lat' dir='ltr'><strong>pertienns.</strong></span> <span class='ocrx_word' id='word_1_261' title='bbox 530 3436 550 3484; x_wconf 90' lang='lat' dir='ltr'><strong>ll</strong></span> <span class='ocrx_word' id='word_1_262' title='bbox 563 3437 615 3483; x_wconf 86' lang='lat' dir='ltr'><strong>lent</strong></span> <span class='ocrx_word' id='word_1_263' title='bbox 624 3436 726 3499; x_wconf 85' lang='lat' dir='ltr'><strong>prendre</strong></span> <span class='ocrx_word' id='word_1_264' title='bbox 739 3437 812 3499; x_wconf 68' lang='lat' dir='ltr'><strong>garde</strong></span> <span class='ocrx_word' id='word_1_265' title='bbox 824 3437 936 3484; x_wconf 78' lang='lat' dir='ltr'><strong>toutefois</strong></span> <span class='ocrx_word' id='word_1_266' title='bbox 947 3438 1018 3498; x_wconf 86' lang='lat' dir='ltr'><strong>(rusie</strong></span> <span class='ocrx_word' id='word_1_267' title='bbox 1031 3437 1054 3484; x_wconf 88' lang='lat' dir='ltr'><strong>ls</strong></span> <span class='ocrx_word' id='word_1_268' title='bbox 1066 3439 1139 3491; x_wconf 84' lang='lat' dir='ltr'><strong>chose</strong></span> 
     </span>
     <span class='ocr_line' id='line_1_29' title="bbox 216 3523 1139 3589; baseline 0.009 -18"><span class='ocrx_word' id='word_1_269' title='bbox 216 3538 251 3575; x_wconf 80' lang='lat' dir='ltr'><strong>est</strong></span> <span class='ocrx_word' id='word_1_270' title='bbox 258 3524 277 3573; x_wconf 86' lang='lat' dir='ltr'><strong>el</strong></span> <span class='ocrx_word' id='word_1_271' title='bbox 287 3523 403 3579; x_wconf 76' lang='lat' dir='ltr'><strong>tridente,</strong></span> <span class='ocrx_word' id='word_1_272' title='bbox 410 3523 470 3585; x_wconf 84' lang='lat' dir='ltr'><strong>qu&#39;il</strong></span> <span class='ocrx_word' id='word_1_273' title='bbox 478 3524 606 3585; x_wconf 71' lang='lat' dir='ltr'><strong>estipeiue</strong></span> <span class='ocrx_word' id='word_1_274' title='bbox 614 3523 694 3572; x_wconf 86' lang='lat' dir='ltr'><strong>besoin</strong></span> <span class='ocrx_word' id='word_1_275' title='bbox 703 3523 860 3586; x_wconf 83' lang='lat' dir='ltr'><strong>d&#39;ennvsrtir)</strong></span> <span class='ocrx_word' id='word_1_276' title='bbox 870 3523 899 3572; x_wconf 89' lang='lat' dir='ltr'><strong>de</strong></span> <span class='ocrx_word' id='word_1_277' title='bbox 909 3541 938 3572; x_wconf 90' lang='lat' dir='ltr'><strong>ne</strong></span> <span class='ocrx_word' id='word_1_278' title='bbox 946 3540 988 3589; x_wconf 85' lang='lat' dir='ltr'><strong>pse</strong></span> <span class='ocrx_word' id='word_1_279' title='bbox 995 3524 1139 3578; x_wconf 81' lang='lat' dir='ltr'><strong>offenserles</strong></span> 
     </span>
     <span class='ocr_line' id='line_1_30' title="bbox 218 3610 1138 3679; baseline 0.005 -18"><span class='ocrx_word' id='word_1_280' title='bbox 218 3628 263 3665; x_wconf 78' lang='lat' dir='ltr'><strong>uuir</strong></span> <span class='ocrx_word' id='word_1_281' title='bbox 278 3626 339 3679; x_wconf 79' lang='lat' dir='ltr'><strong>perir</strong></span> <span class='ocrx_word' id='word_1_282' title='bbox 350 3610 411 3659; x_wconf 81' lang='lat' dir='ltr'><strong>seire</strong></span> <span class='ocrx_word' id='word_1_283' title='bbox 421 3611 505 3674; x_wconf 81' lang='lat' dir='ltr'><strong>plaisir</strong></span> <span class='ocrx_word' id='word_1_284' title='bbox 516 3627 564 3660; x_wconf 73' lang='lat' dir='ltr'><strong>mm</strong></span> <span class='ocrx_word' id='word_1_285' title='bbox 575 3621 663 3660; x_wconf 87' lang='lat' dir='ltr'><strong>nutree.</strong></span> <span class='ocrx_word' id='word_1_286' title='bbox 673 3612 721 3662; x_wconf 83' lang='lat' dir='ltr'><strong>Car</strong></span> <span class='ocrx_word' id='word_1_287' title='bbox 729 3621 867 3662; x_wconf 83' lang='lat' dir='ltr'><strong>souveutou</strong></span> <span class='ocrx_word' id='word_1_288' title='bbox 879 3612 968 3660; x_wconf 76' lang='lat' dir='ltr'><strong>offense</strong></span> <span class='ocrx_word' id='word_1_289' title='bbox 978 3612 1019 3661; x_wconf 85' lang='lat' dir='ltr'><strong>des</strong></span> <span class='ocrx_word' id='word_1_290' title='bbox 1028 3612 1138 3666; x_wconf 83' lang='lat' dir='ltr'><strong>hommes</strong></span> 
     </span>
     <span class='ocr_line' id='line_1_31' title="bbox 218 3698 1137 3769; baseline 0.002 -20"><span class='ocrx_word' id='word_1_291' title='bbox 218 3700 291 3769; x_wconf 67' lang='lat' dir='ltr'><strong>pu&#39;nu</strong></span> <span class='ocrx_word' id='word_1_292' title='bbox 303 3698 397 3749; x_wconf 83' lang='lat' dir='ltr'><strong>‹lesrsit</strong></span> <span class='ocrx_word' id='word_1_293' title='bbox 410 3701 525 3762; x_wconf 76' lang='lat' dir='ltr'><strong>menoger</strong></span> <span class='ocrx_word' id='word_1_294' title='bbox 536 3714 567 3746; x_wconf 92' lang='lat' dir='ltr'><strong>ou</strong></span> <span class='ocrx_word' id='word_1_295' title='bbox 579 3698 698 3762; x_wconf 83' lang='lat' dir='ltr'><strong>ersindre,</strong></span> <span class='ocrx_word' id='word_1_296' title='bbox 711 3710 735 3749; x_wconf 84' lang='lat' dir='ltr'><strong>et</strong></span> <span class='ocrx_word' id='word_1_297' title='bbox 745 3700 795 3748; x_wconf 87' lang='lat' dir='ltr'><strong>l’en</strong></span> <span class='ocrx_word' id='word_1_298' title='bbox 805 3706 842 3746; x_wconf 82' lang='lat' dir='ltr'><strong>est</strong></span> <span class='ocrx_word' id='word_1_299' title='bbox 853 3699 963 3760; x_wconf 87' lang='lat' dir='ltr'><strong>toujonre</strong></span> <span class='ocrx_word' id='word_1_300' title='bbox 976 3701 1093 3762; x_wconf 87' lang='lat' dir='ltr'><strong>coupable</strong></span> <span class='ocrx_word' id='word_1_301' title='bbox 1106 3720 1137 3751; x_wconf 89' lang='lat' dir='ltr'><strong>on</strong></span> 
     </span>
     <span class='ocr_line' id='line_1_32' title="bbox 219 3784 1136 3855; baseline 0.001 -18"><span class='ocrx_word' id='word_1_302' title='bbox 219 3788 247 3839; x_wconf 82' lang='lat' dir='ltr'><strong>als</strong></span> <span class='ocrx_word' id='word_1_303' title='bbox 260 3788 411 3855; x_wconf 63' lang='lat' dir='ltr'><strong>uissllgenoe,</strong></span> <span class='ocrx_word' id='word_1_304' title='bbox 422 3786 505 3850; x_wconf 88' lang='lat' dir='ltr'><strong>qusnd</strong></span> <span class='ocrx_word' id='word_1_305' title='bbox 514 3802 545 3835; x_wconf 92' lang='lat' dir='ltr'><strong>on</strong></span> <span class='ocrx_word' id='word_1_306' title='bbox 557 3787 580 3835; x_wconf 88' lang='lat' dir='ltr'><strong>le</strong></span> <span class='ocrx_word' id='word_1_307' title='bbox 588 3787 633 3836; x_wconf 85' lang='lat' dir='ltr'><strong>isit</strong></span> <span class='ocrx_word' id='word_1_308' title='bbox 642 3803 698 3837; x_wconf 84' lang='lat' dir='ltr'><strong>esne</strong></span> <span class='ocrx_word' id='word_1_309' title='bbox 707 3804 724 3853; x_wconf 81' lang='lat' dir='ltr'><strong>y</strong></span> <span class='ocrx_word' id='word_1_310' title='bbox 734 3786 835 3852; x_wconf 89' lang='lat' dir='ltr'><strong>prendre</strong></span> <span class='ocrx_word' id='word_1_311' title='bbox 844 3784 927 3849; x_wconf 75' lang='lat' dir='ltr'><strong>gsrde,</strong></span> <span class='ocrx_word' id='word_1_312' title='bbox 939 3803 970 3835; x_wconf 88' lang='lat' dir='ltr'><strong>ou</strong></span> <span class='ocrx_word' id='word_1_313' title='bbox 981 3786 1010 3835; x_wconf 91' lang='lat' dir='ltr'><strong>de</strong></span> <span class='ocrx_word' id='word_1_314' title='bbox 1019 3789 1136 3852; x_wconf 56' lang='lat' dir='ltr'><strong>temnite,</strong></span> 
     </span>
     <span class='ocr_line' id='line_1_33' title="bbox 218 3874 1137 3941; baseline -0.001 -16"><span class='ocrx_word' id='word_1_315' title='bbox 218 3876 299 3941; x_wconf 61' lang='lat' dir='ltr'><strong>:pessit</strong></span> <span class='ocrx_word' id='word_1_316' title='bbox 311 3892 341 3927; x_wconf 91' lang='lat' dir='ltr'><strong>en</strong></span> <span class='ocrx_word' id='word_1_317' title='bbox 354 3875 377 3926; x_wconf 87' lang='lat' dir='ltr'><strong>le</strong></span> <span class='ocrx_word' id='word_1_318' title='bbox 388 3874 434 3923; x_wconf 83' lang='lat' dir='ltr'><strong>isit</strong></span> <span class='ocrx_word' id='word_1_319' title='bbox 444 3889 502 3923; x_wconf 84' lang='lat' dir='ltr'><strong>sven</strong></span> <span class='ocrx_word' id='word_1_320' title='bbox 515 3874 617 3924; x_wconf 82' lang='lat' dir='ltr'><strong>dessein.</strong></span> <span class='ocrx_word' id='word_1_321' title='bbox 631 3875 673 3927; x_wconf 87' lang='lat' dir='ltr'><strong>S&#39;il</strong></span> <span class='ocrx_word' id='word_1_322' title='bbox 687 3876 765 3925; x_wconf 83' lang='lat' dir='ltr'><strong>nrrire</strong></span> <span class='ocrx_word' id='word_1_323' title='bbox 775 3875 848 3938; x_wconf 82' lang='lat' dir='ltr'><strong>qu&#39;on</strong></span> <span class='ocrx_word' id='word_1_324' title='bbox 862 3889 891 3922; x_wconf 89' lang='lat' dir='ltr'><strong>ne</strong></span> <span class='ocrx_word' id='word_1_325' title='bbox 902 3877 983 3938; x_wconf 80' lang='lat' dir='ltr'><strong>puisse</strong></span> <span class='ocrx_word' id='word_1_326' title='bbox 992 3874 1137 3939; x_wconf 77' lang='lat' dir='ltr'><strong>s’ernplrher</strong></span> 
     </span>
    </p>
   </div>
   <div class='ocr_carea' id='block_1_4' title="bbox 0 0 1189 4634">
    <p class='ocr_par' dir='ltr' id='par_1_5' title="bbox 0 0 1189 4634">
     <span class='ocr_line' id='line_1_34' title="bbox 0 0 1189 4634; baseline 0 0"><span class='ocrx_word' id='word_1_327' title='bbox 0 0 1189 4634; x_wconf 95' lang='lat' dir='ltr'><strong> </strong></span> 
     </span>
    </p>
   </div>
  </div>
 </body>
</html>
