2474 4694
399 863 453 908 nus
475 860 615 917 narolus,
636 859 720 903 ιιιιιι
743 857 784 902 ιιι.
999 843 1057 902 tls
1097 820 1101 835 ¹

130 987 153 1026 et
163 985 304 1027 necaturum
316 993 371 1029 eum
383 994 483 1028 veneno.
511 985 535 1025 et
547 974 816 1037 devoirlaire·pd'rirlui
828 989 872 1038 par
882 976 976 1038 polion.
1060 974 1063 978 “

130 1046 255 1094 Fabricius
268 1050 363 1094 curavit
511 1043 638 1092 Fabricius
648 1043 763 1105 prix-eoin

130 1111 197 1159 hunc
206 1111 370 1160 reducendum
511 1109 610 1157 celui-oi
625 1108 707 1157 devoir
716 1109 767 1156 dtre
778 1105 904 1156 rcoondnit

131 1178 161 1224 ed
174 1177 307 1241 Pyrrhum,
511 1177 527 1224 d
537 1176 655 1238 Pyrrhus,

130 1244 204 1306 idquo
214 1243 304 1298 luctum
315 1246 370 1307 ejus
512 1252 536 1289 et
547 1251 609 1290 cette
616 1243 696 1290 action
709 1241 737 1289 de
749 1241 784 1289 lni

131 1310 255 1357 laudatum
267 1318 304 1357 est
315 1326 330 1357 a
343 1318 438 1358 senatu.
513 1309 550 1356 fur
560 1311 676 1371 loue'cpsr
684 1308 706 1355 le
717 1310 791 1355 se'nat.

131 1377 216 1437 Atqui,
226 1378 246 1423 si
256 1378 388 1437 quaerimus
512 1373 555 1431 Or,
568 1375 588 1423 si
602 1390 665 1422 nous
678 1373 812 1422 cherchone

131 1443 232 1504 speciem
243 1443 428 1506 opinionemque
512 1441 855 1503 l'nppsrsnoeetlacroyauca

132 1509 255 1562 utilitatis.
512 1505 624 1563 d’utilitd,

131 1589 195 1687 llud
205 1573 306 1636 perfuga
317 1575 454 1689 ⁸ldllffl⁵⁸et
512 1587 544 1619 nu
554 1574 604 1619 seul
616 1571 743 1686 trsgssuge
753 1573 961 1636 aursitenpprimd

131 1641 175 1687 iu
206 1655 323 1701 magnum
351 1657 424 1687 eum
467 1682 475 1699 ,
512 1648 573 1686 cette
591 1654 650 1702 gran
670 1655 782 1702 egucrre

132 1714 156 1753 rt
171 1721 267 1768 gravem
279 1708 443 1755 adversurium
513 1711 537 1753 ot
547 1721 580 1751 un
592 1705 691 1753 terrible
701 1706 837 1754 adversaire

132 1772 241 1833 imperii:
513 1770 722 1834 denotreempirm

132 1838 174 1885 sed
186 1852 302 1901 magnum
319 1837 420 1887 dedecus
514 1839 637 1886 mniso'sstt
648 1840 682 1886 dte'
692 1855 725 1886 un
736 1838 814 1901 grand
824 1838 976 1886 de'slronueur

132 1903 295 1967 etflagitium,
513 1914 537 1950 ct
548 1919 595 1952 une
605 1904 783 1964 orundehonte,

132 1986 187 2017 eum
200 1972 297 2032 quicum
311 1969 396 2019 suisset
513 1978 550 2017 cot
560 1973 646 2018 homme
656 1986 713 2018 aveo
724 1973 765 2033 qui
774 1971 839 2018 nvait
848 1972 885 2019 έιό

132 2046 253 2084 certamen
263 2036 352 2092 leudis,
513 2051 562 2084 une
575 2039 670 2085 rivalitd
681 2037 710 2084 de
721 2039 809 2101 gloire,

133 2112 269 2164 superatum
285 2117 334 2149 non
347 2105 443 2160 virtuto,
512 2108 578 2150 oooir
588 2105 621 2150 e'ls'
631 2105 718 2150 vsiucu
734 2121 782 2152 uon
794 2120 837 2168 par
846 2103 868 2151 ls
878 2119 992 2168 coumge,

133 2168 175 2215 sed
187 2169 284 2215 scelere.
513 2171 575 2215 mais
586 2184 629 2232 par
638 2172 661 2218 le
668 2169 750 2218 crime.

132 2235 221 2284 Utrum
234 2235 310 2298 igitur
512 2234 731 2298 Loquer-desueuit
743 2237 805 2284 douo

134 2303 220 2348 utilius
232 2301 268 2347 vel
282 2300 402 2363 Fabricio,
512 2307 588 2348 osroit
599 2303 633 2349 dcl
639 2303 693 2364 plus
703 2303 762 2350 utile
771 2319 802 2349 ou
815 2304 830 2350 ὲ
841 2302 975 2357 liebricius,

133 2369 175 2428 qul
188 2367 235 2414 suit
245 2367 271 2413 in
290 2367 335 2414 heo
347 2368 407 2415 urbe
513 2368 555 2428 qui
568 2368 604 2415 int
613 2369 673 2415 dane
690 2377 750 2416 cette
761 2369 818 2416 ville

133 2434 189 2481 tulis
201 2434 281 2495 qualis
293 2434 409 2482 Aristides
514 2435 547 2481 tel
559 2433 708 2495 qu’Aristide

134 2499 244 2553 Athenis,
514 2499 529 2546 ὶ
541 2498 656 2556 Atheneo,

134 2568 171 2612 vel
182 2575 265 2613 nostro
276 2568 381 2627 senatui,
514 2580 546 2612 ou
557 2569 649 2613 auotre
659 2569 735 2624 senat,

134 2634 174 2693 qui
186 2647 310 2693 nunquam
515 2633 557 2692 qui
563 2631 654 2694 jamaia

133 2697 240 2808 scj‘u'nxi't
251 2700 379 2747 utilitatem
515 2712 545 2811 ἕο
554 2698 743 2813 ῗόιέιιιιιίὲιὶϋιό

134 2777 149 2810 a
182 2780 188 2809 ι
210 2772 295 2824 nitate,
532 2778 579 2812 ea
604 2781 611 2812 1
632 2776 689 2819 nit,

134 2779 221 2876 certagri
236 2845 292 2878 cum
303 2830 370 2879 hoste
382 2831 466 2891 armis,
515 2828 545 2876 de
554 2782 694 2879 lutulena
706 2831 820 2880 l'ennemi
830 2847 873 2896 par
881 2832 916 2880 les
926 2845 1014 2891 armos,

134 2910 165 2942 an
180 2894 297 2943 venenis?
515 2911 546 2943 ou
558 2895 771 2960 perlcspoioonsi

134 2961 158 3008 Si
176 2961 303 3025 imperium
515 2961 540 3010 si
555 2963 662 3026 l’empire

133 3027 294 3089 expetendum
310 3035 349 3077 est
516 3028 737 3080 doitdtrecherclrd
808 3069 810 3075 .

134 3109 207 3140 cauea
217 3094 312 3157 gloriae,
515 3110 545 3142 cn
558 3112 604 3144 vua
613 3095 643 3144 de
653 3097 678 3144 la
690 3099 775 3159 gloirs,

134 3160 292 3219 scelueebsit,
516 3177 562 3223 quc
572 3164 595 3211 le
604 3164 680 3211 crime
689 3164 737 3212 soit
745 3164 837 3219 absent,

134 3226 160 3274 in
176 3241 223 3288 quo
235 3227 315 3289 gloria
517 3231 537 3276 le
549 3234 618 3276 crime
629 3229 690 3277 dans
698 3230 777 3293 lequel
790 3231 815 3278 le
825 3229 905 3294 gloire

135 3307 183 3339 non
195 3303 272 3354 potest
282 3306 346 3349 esss3
516 3309 546 3342 ne
558 3306 614 3357 peut
625 3297 690 3351 ἔπιες
887 3304 889 3309 ’

135 3358 173 3405 sin
188 3373 244 3421 opes
256 3360 314 3422 ipsse
516 3361 712 3410 siau-contraire
720 3362 745 3410 ls
754 3363 882 3426 puissunes
891 3362 1029 3410 elle-meme

135 3432 280 3487 expetuntur
295 3438 391 3487 quoquo
407 3423 487 3485 modo,
516 3436 552 3473 ost
562 3427 685 3476 souhaitse
695 3443 739 3491 par
754 3435 807 3477 tout
824 3443 920 3490 moyen,

135 3505 184 3537 non
195 3499 367 3554 poteruntesse
380 3491 451 3538 utiles
516 3493 562 3540 elle
573 3508 602 3540 ne
611 3508 700 3556 ponrrs
710 3510 753 3557 pas
761 3497 812 3544 esre
821 3495 882 3543 utile

135 3571 192 3603 curn
207 3557 318 3604 infamis.
515 3573 572 3605 avec
582 3559 604 3607 le
616 3561 831 3610 meursio-renem.

135 3620 189 3670 Non
201 3623 277 3685 igitur
288 3624 354 3672 utilis
514 3624 534 3671 ll
545 3640 575 3672 ue
585 3629 619 3684 (ot
629 3627 740 3691 donopas
751 3630 811 3676 utile

135 3689 180 3735 ills
190 3690 308 3737 cententio
318 3690 346 3739 L.
359 3689 475 3754 Philippi,
516 3698 556 3738 cet
567 3693 618 3739 avis
628 3691 657 3740 ds
671 3693 700 3742 L.
712 3693 849 3758 Philippus,

136 3756 180 3802 tilii
193 3754 288 3816 Quinti,
517 3754 556 3803 fils
570 3756 600 3805 de
616 3757 730 3821 Quintus,

137 3831 164 3867 ut
176 3823 213 3868 1·ae
224 3825 342 3881 civitatee,
518 3837 566 3885 qne
575 3838 613 3870 ces
623 3826 692 3884 citis,

137 3903 197 3949 quus
210 3887 238 3935 L.
249 3888 326 3945 Sulla,
519 3904 565 3951 qus
577 3889 606 3937 L.
617 3891 694 3954 Sylla,

137 3956 355 4018 pecunieacocpta‚
522 3956 551 4003 de
562 3956 668 4017 l'srcent
680 3964 755 4019 ayant
771 3960 883 4016 dieraco,
973 3974 985 3979 ··

137 4021 288 4069 liberavisset
522 4023 588 4070 avriit
601 4023 746 4071 sllranchies
