<?xml version="1.0" encoding="UTF-8"?>
<!DOCTYPE html PUBLIC "-//W3C//DTD XHTML 1.0 Transitional//EN"
    "http://www.w3.org/TR/xhtml1/DTD/xhtml1-transitional.dtd">
<html xmlns="http://www.w3.org/1999/xhtml" xml:lang="en" lang="en">
 <head>
  <title>
</title>
<meta http-equiv="Content-Type" content="text/html;charset=utf-8" />
  <meta name='ocr-system' content='tesseract 3.04.00' />
  <meta name='ocr-capabilities' content='ocr_page ocr_carea ocr_par ocr_line ocrx_word'/>
</head>
<body>
  <div class='ocr_page' id='page_1' title='image "./traitdesdevoirs00cicegoog_0444.png"; bbox 0 0 2364 4634; ppageno 0'>
   <div class='ocr_carea' id='block_1_1' title="bbox 301 713 953 768">
    <p class='ocr_par' dir='ltr' id='par_1_1' title="bbox 301 713 953 768">
     <span class='ocr_line' id='line_1_1' title="bbox 301 713 953 768; baseline -0.005 -1"><span class='ocrx_word' id='word_1_1' title='bbox 301 713 364 768; x_wconf 62' lang='grc' dir='ltr'><strong>’Ῑιῖἵι</strong></span> <span class='ocrx_word' id='word_1_2' title='bbox 531 749 534 755; x_wconf 91' lang='grc'>-</span> <span class='ocrx_word' id='word_1_3' title='bbox 569 720 627 767; x_wconf 71' lang='lat' dir='ltr'>o!</span> <span class='ocrx_word' id='word_1_4' title='bbox 647 718 769 767; x_wconf 62' lang='lat' dir='ltr'>timetis</span> <span class='ocrx_word' id='word_1_5' title='bbox 788 718 874 767; x_wconf 82' lang='lat' dir='ltr'>ttm</span> <span class='ocrx_word' id='word_1_6' title='bbox 897 720 953 767; x_wconf 78' lang='lat' dir='ltr'>ttt.÷</span> 
     </span>
    </p>
   </div>
   <div class='ocr_carea' id='block_1_2' title="bbox 302 814 1099 1017">
    <p class='ocr_par' dir='ltr' id='par_1_2' title="bbox 302 814 1176 1017">
     <span class='ocr_line' id='line_1_2' title="bbox 302 814 1099 908; baseline 0 -14"><span class='ocrx_word' id='word_1_7' title='bbox 302 854 333 894; x_wconf 86' lang='lat' dir='ltr'>ae</span> <span class='ocrx_word' id='word_1_8' title='bbox 346 814 473 908; x_wconf 82' lang='lat' dir='ltr'>deinceps</span> <span class='ocrx_word' id='word_1_9' title='bbox 494 852 553 893; x_wconf 83' lang='lat' dir='ltr'>essa</span> <span class='ocrx_word' id='word_1_10' title='bbox 570 836 717 893; x_wconf 85' lang='lat' dir='ltr'>dicturum.</span> <span class='ocrx_word' id='word_1_11' title='bbox 743 836 856 893; x_wconf 76' lang='lat' dir='ltr'>acoedtt</span> <span class='ocrx_word' id='word_1_12' title='bbox 880 836 982 895; x_wconf 79' lang='lat' dir='ltr'>eodem</span> <span class='ocrx_word' id='word_1_13' title='bbox 1008 840 1099 899; x_wconf 70' lang='lat' dir='ltr'>tantia</span> 
     </span>
     <span class='ocr_line' id='line_1_3' title="bbox 304 936 1099 1017; baseline -0.002 -23"><span class='ocrx_word' id='word_1_14' title='bbox 304 938 470 1007; x_wconf 74' lang='lat' dir='ltr'>Posidonius,</span> <span class='ocrx_word' id='word_1_15' title='bbox 484 940 530 1012; x_wconf 89' lang='lat' dir='ltr'>qui</span> <span class='ocrx_word' id='word_1_16' title='bbox 552 940 639 1001; x_wconf 85' lang='lat' dir='ltr'>etiam</span> <span class='ocrx_word' id='word_1_17' title='bbox 654 936 750 997; x_wconf 83' lang='lat' dir='ltr'>scribit</span> <span class='ocrx_word' id='word_1_18' title='bbox 776 936 805 993; x_wconf 90' lang='lat' dir='ltr'>in</span> <span class='ocrx_word' id='word_1_19' title='bbox 823 936 943 1013; x_wconf 75' lang='lat' dir='ltr'>qoadm</span> <span class='ocrx_word' id='word_1_20' title='bbox 969 940 1099 1017; x_wconf 63' lang='lat' dir='ltr'>optanta</span> 
     </span>
    </p>
   </div>
   <div class='ocr_carea' id='block_1_3' title="bbox 202 1038 1142 1112">
    <p class='ocr_par' dir='ltr' id='par_1_3' title="bbox 202 1038 1142 1112">
     <span class='ocr_line' id='line_1_4' title="bbox 202 1038 1142 1112; baseline -0.002 -17"><span class='ocrx_word' id='word_1_21' title='bbox 202 1040 207 1050; x_wconf 87' lang='lat'>&#39;</span> <span class='ocrx_word' id='word_1_22' title='bbox 227 1067 231 1075; x_wconf 92' lang='lat'>·</span> <span class='ocrx_word' id='word_1_23' title='bbox 304 1040 431 1095; x_wconf 74' lang='lat' dir='ltr'>Rutilium</span> <span class='ocrx_word' id='word_1_24' title='bbox 445 1040 544 1096; x_wconf 79' lang='lat' dir='ltr'>nutum</span> <span class='ocrx_word' id='word_1_25' title='bbox 557 1040 565 1073; x_wconf 86' lang='lat'><strong>¹</strong></span> <span class='ocrx_word' id='word_1_26' title='bbox 580 1039 672 1097; x_wconf 81' lang='lat' dir='ltr'>diceto</span> <span class='ocrx_word' id='word_1_27' title='bbox 686 1038 787 1105; x_wconf 75' lang='lat' dir='ltr'>soleto,</span> <span class='ocrx_word' id='word_1_28' title='bbox 800 1038 849 1112; x_wconf 84' lang='lat' dir='ltr'>qtti</span> <span class='ocrx_word' id='word_1_29' title='bbox 861 1040 1017 1101; x_wconf 73' lang='lat' dir='ltr'>Panottittttt</span> <span class='ocrx_word' id='word_1_30' title='bbox 1037 1046 1142 1105; x_wconf 67' lang='lat' dir='ltr'>todia</span> 
     </span>
    </p>
   </div>
   <div class='ocr_carea' id='block_1_4' title="bbox 302 1140 1182 2331">
    <p class='ocr_par' dir='ltr' id='par_1_4' title="bbox 302 1140 1178 1704">
     <span class='ocr_line' id='line_1_5' title="bbox 304 1140 1145 1215; baseline 0.008 -19"><span class='ocrx_word' id='word_1_31' title='bbox 304 1158 382 1197; x_wconf 91' lang='lat' dir='ltr'>nerno</span> <span class='ocrx_word' id='word_1_32' title='bbox 397 1143 483 1215; x_wconf 86' lang='lat' dir='ltr'>pictor</span> <span class='ocrx_word' id='word_1_33' title='bbox 503 1150 578 1199; x_wconf 84' lang='lat' dir='ltr'>esset</span> <span class='ocrx_word' id='word_1_34' title='bbox 599 1142 728 1197; x_wconf 80' lang='lat' dir='ltr'>inventus</span> <span class='ocrx_word' id='word_1_35' title='bbox 748 1140 796 1214; x_wconf 83' lang='lat' dir='ltr'>qui</span> <span class='ocrx_word' id='word_1_36' title='bbox 818 1142 881 1199; x_wconf 78' lang='lat' dir='ltr'>coto</span> <span class='ocrx_word' id='word_1_37' title='bbox 896 1140 1015 1203; x_wconf 70' lang='lat' dir='ltr'>tonnis</span> <span class='ocrx_word' id='word_1_38' title='bbox 1036 1160 1107 1207; x_wconf 68' lang='lat' dir='ltr'>mm</span> <span class='ocrx_word' id='word_1_39' title='bbox 1134 1177 1145 1196; x_wconf 48' lang='grc' dir='ltr'>ιἸ</span> 
     </span>
     <span class='ocr_line' id='line_1_6' title="bbox 302 1239 1178 1319; baseline -0.002 -23"><span class='ocrx_word' id='word_1_40' title='bbox 302 1258 384 1313; x_wconf 88' lang='lat' dir='ltr'>quam</span> <span class='ocrx_word' id='word_1_41' title='bbox 406 1240 511 1314; x_wconf 72' lang='lat' dir='ltr'>Apelles</span> <span class='ocrx_word' id='word_1_42' title='bbox 526 1241 679 1298; x_wconf 83' lang='lat' dir='ltr'>inchoatam</span> <span class='ocrx_word' id='word_1_43' title='bbox 698 1239 862 1315; x_wconf 79' lang='lat' dir='ltr'>reliquisset,</span> <span class='ocrx_word' id='word_1_44' title='bbox 885 1241 1048 1303; x_wconf 76' lang='lat' dir='ltr'>absolverat</span> <span class='ocrx_word' id='word_1_45' title='bbox 1073 1248 1146 1319; x_wconf 62' lang='grc' dir='ltr'>(αῖς</span> <span class='ocrx_word' id='word_1_46' title='bbox 1174 1288 1178 1294; x_wconf 86' lang='grc'><strong><em>,</em></strong></span> 
     </span>
     <span class='ocr_line' id='line_1_7' title="bbox 302 1342 1178 1423; baseline 0.006 -24"><span class='ocrx_word' id='word_1_47' title='bbox 302 1345 473 1416; x_wconf 82' lang='lat' dir='ltr'>pulchritudo</span> <span class='ocrx_word' id='word_1_48' title='bbox 483 1345 580 1418; x_wconf 83' lang='lat' dir='ltr'>reliqui</span> <span class='ocrx_word' id='word_1_49' title='bbox 599 1344 721 1419; x_wconf 88' lang='lat' dir='ltr'>corporis</span> <span class='ocrx_word' id='word_1_50' title='bbox 733 1342 856 1401; x_wconf 87' lang='lat' dir='ltr'>imitandi</span> <span class='ocrx_word' id='word_1_51' title='bbox 875 1358 952 1419; x_wconf 84' lang='lat' dir='ltr'>apum</span> <span class='ocrx_word' id='word_1_52' title='bbox 966 1344 1145 1423; x_wconf 70' lang='lat' dir='ltr'>autumnat),</span> <span class='ocrx_word' id='word_1_53' title='bbox 1168 1351 1178 1387; x_wconf 40' lang='grc' dir='ltr'>ι·</span> 
     </span>
     <span class='ocr_line' id='line_1_8' title="bbox 302 1446 1173 1531; baseline -0.003 -30"><span class='ocrx_word' id='word_1_54' title='bbox 302 1463 363 1519; x_wconf 78' lang='lat' dir='ltr'>quta</span> <span class='ocrx_word' id='word_1_55' title='bbox 380 1447 516 1503; x_wconf 81' lang='lat' dir='ltr'>Panaetins</span> <span class='ocrx_word' id='word_1_56' title='bbox 544 1448 763 1520; x_wconf 77' lang='lat' dir='ltr'>pretermtstsset</span> <span class='ocrx_word' id='word_1_57' title='bbox 786 1452 822 1531; x_wconf 41' lang='lat' dir='ltr'>et·</span> <span class='ocrx_word' id='word_1_58' title='bbox 841 1460 898 1503; x_wconf 86' lang='lat' dir='ltr'>uon</span> <span class='ocrx_word' id='word_1_59' title='bbox 918 1446 1106 1523; x_wconf 69' lang='lat' dir='ltr'>pedocinat,</span> <span class='ocrx_word' id='word_1_60' title='bbox 1139 1482 1142 1499; x_wconf 90' lang='lat'><em>.</em></span> <span class='ocrx_word' id='word_1_61' title='bbox 1170 1481 1173 1498; x_wconf 58' lang='grc' dir='ltr'><strong>ι</strong></span> 
     </span>
     <span class='ocr_line' id='line_1_9' title="bbox 302 1546 1157 1620; baseline -0.001 -18"><span class='ocrx_word' id='word_1_62' title='bbox 302 1564 394 1603; x_wconf 87' lang='lat' dir='ltr'>eorum</span> <span class='ocrx_word' id='word_1_63' title='bbox 408 1564 471 1620; x_wconf 81' lang='lat' dir='ltr'>quae</span> <span class='ocrx_word' id='word_1_64' title='bbox 492 1548 649 1620; x_wconf 77' lang='lat' dir='ltr'>perfecisset</span> <span class='ocrx_word' id='word_1_65' title='bbox 673 1547 870 1620; x_wconf 66' lang='lat' dir='ltr'>prostantium,</span> <span class='ocrx_word' id='word_1_66' title='bbox 889 1546 1031 1605; x_wconf 82' lang='lat' dir='ltr'>neminem</span> <span class='ocrx_word' id='word_1_67' title='bbox 1057 1568 1127 1611; x_wconf 70' lang='lat' dir='ltr'>aaa</span> <span class='ocrx_word' id='word_1_68' title='bbox 1154 1581 1157 1601; x_wconf 82' lang='grc'>.</span> 
     </span>
     <span class='ocr_line' id='line_1_10' title="bbox 302 1658 405 1704; baseline -0.01 0"><span class='ocrx_word' id='word_1_69' title='bbox 302 1658 405 1704; x_wconf 85' lang='lat' dir='ltr'>cutum.</span> 
     </span>
    </p>

    <p class='ocr_par' dir='ltr' id='par_1_5' title="bbox 302 1746 1182 2331">
     <span class='ocr_line' id='line_1_11' title="bbox 337 1746 1157 1821; baseline -0.005 -16"><span class='ocrx_word' id='word_1_70' title='bbox 337 1752 382 1806; x_wconf 88' lang='lat'><em>111.</em></span> <span class='ocrx_word' id='word_1_71' title='bbox 398 1750 578 1818; x_wconf 80' lang='lat' dir='ltr'>Quamobrem</span> <span class='ocrx_word' id='word_1_72' title='bbox 591 1749 626 1805; x_wconf 88' lang='lat' dir='ltr'>de</span> <span class='ocrx_word' id='word_1_73' title='bbox 634 1749 738 1821; x_wconf 80' lang='lat' dir='ltr'>judicto</span> <span class='ocrx_word' id='word_1_74' title='bbox 760 1747 875 1807; x_wconf 73' lang='lat' dir='ltr'>Panotii</span> <span class='ocrx_word' id='word_1_75' title='bbox 897 1746 1019 1807; x_wconf 83' lang='lat' dir='ltr'>dubitari</span> <span class='ocrx_word' id='word_1_76' title='bbox 1041 1767 1105 1811; x_wconf 77' lang='lat' dir='ltr'>ona</span> <span class='ocrx_word' id='word_1_77' title='bbox 1136 1781 1157 1803; x_wconf 64' lang='grc' dir='ltr'>ι,</span> 
     </span>
     <span class='ocr_line' id='line_1_12' title="bbox 303 1850 1182 1925; baseline 0.003 -18"><span class='ocrx_word' id='word_1_78' title='bbox 303 1862 409 1908; x_wconf 84' lang='lat' dir='ltr'>rectene</span> <span class='ocrx_word' id='word_1_79' title='bbox 423 1860 513 1907; x_wconf 86' lang='lat' dir='ltr'>autem</span> <span class='ocrx_word' id='word_1_80' title='bbox 525 1853 596 1908; x_wconf 88' lang='lat' dir='ltr'>hanc</span> <span class='ocrx_word' id='word_1_81' title='bbox 609 1852 716 1907; x_wconf 86' lang='lat' dir='ltr'>tertiam</span> <span class='ocrx_word' id='word_1_82' title='bbox 731 1858 838 1925; x_wconf 88' lang='lat' dir='ltr'>partam</span> <span class='ocrx_word' id='word_1_83' title='bbox 849 1850 884 1906; x_wconf 90' lang='lat' dir='ltr'>ad</span> <span class='ocrx_word' id='word_1_84' title='bbox 897 1850 1105 1923; x_wconf 82' lang='lat' dir='ltr'>exquirendum</span> <span class='ocrx_word' id='word_1_85' title='bbox 1126 1883 1130 1903; x_wconf 72' lang='grc' dir='ltr'><strong>ι</strong></span> <span class='ocrx_word' id='word_1_86' title='bbox 1155 1869 1182 1903; x_wconf 49' lang='grc' dir='ltr'>ιιι</span> 
     </span>
     <span class='ocr_line' id='line_1_13' title="bbox 304 1951 1169 2026; baseline 0.001 -16"><span class='ocrx_word' id='word_1_87' title='bbox 304 1955 467 2026; x_wconf 73' lang='lat' dir='ltr'>adiunxerit,</span> <span class='ocrx_word' id='word_1_88' title='bbox 482 1969 613 2019; x_wconf 78' lang='lat' dir='ltr'>ennecus,</span> <span class='ocrx_word' id='word_1_89' title='bbox 629 1953 665 2008; x_wconf 90' lang='lat' dir='ltr'>de</span> <span class='ocrx_word' id='word_1_90' title='bbox 676 1968 709 2009; x_wconf 88' lang='lat' dir='ltr'>eo</span> <span class='ocrx_word' id='word_1_91' title='bbox 722 1952 836 2009; x_wconf 83' lang='lat' dir='ltr'>tortasse</span> <span class='ocrx_word' id='word_1_92' title='bbox 846 1951 963 2009; x_wconf 80' lang='lat' dir='ltr'>dubitari</span> <span class='ocrx_word' id='word_1_93' title='bbox 978 1960 1084 2025; x_wconf 79' lang='lat' dir='ltr'>potest.</span> <span class='ocrx_word' id='word_1_94' title='bbox 1094 1958 1169 2015; x_wconf 80' lang='lat' dir='ltr'>Nam</span> 
     </span>
     <span class='ocr_line' id='line_1_14' title="bbox 302 2052 1178 2133; baseline 0.001 -21"><span class='ocrx_word' id='word_1_95' title='bbox 302 2057 443 2112; x_wconf 86' lang='lat' dir='ltr'>honestum</span> <span class='ocrx_word' id='word_1_96' title='bbox 460 2054 548 2110; x_wconf 86' lang='lat' dir='ltr'>sotum</span> <span class='ocrx_word' id='word_1_97' title='bbox 562 2054 663 2109; x_wconf 90' lang='lat' dir='ltr'>bonum</span> <span class='ocrx_word' id='word_1_98' title='bbox 682 2061 736 2123; x_wconf 85' lang='lat' dir='ltr'>est,</span> <span class='ocrx_word' id='word_1_99' title='bbox 752 2060 782 2109; x_wconf 91' lang='lat' dir='ltr'>ut</span> <span class='ocrx_word' id='word_1_100' title='bbox 796 2052 888 2110; x_wconf 84' lang='lat' dir='ltr'>stoicis</span> <span class='ocrx_word' id='word_1_101' title='bbox 902 2052 1003 2127; x_wconf 57' lang='lat' dir='ltr'>placeo</span> <span class='ocrx_word' id='word_1_102' title='bbox 1022 2054 1089 2113; x_wconf 83' lang='lat' dir='ltr'>siva</span> <span class='ocrx_word' id='word_1_103' title='bbox 1101 2058 1178 2133; x_wconf 87' lang='lat' dir='ltr'>quod</span> 
     </span>
     <span class='ocr_line' id='line_1_15' title="bbox 303 2155 1178 2228; baseline 0.008 -18"><span class='ocrx_word' id='word_1_104' title='bbox 303 2165 410 2211; x_wconf 89' lang='lat' dir='ltr'>nestum</span> <span class='ocrx_word' id='word_1_105' title='bbox 420 2165 471 2223; x_wconf 85' lang='lat' dir='ltr'>est,</span> <span class='ocrx_word' id='word_1_106' title='bbox 486 2157 512 2211; x_wconf 91' lang='lat' dir='ltr'>id</span> <span class='ocrx_word' id='word_1_107' title='bbox 527 2157 563 2211; x_wconf 87' lang='lat' dir='ltr'>ita</span> <span class='ocrx_word' id='word_1_108' title='bbox 579 2172 714 2212; x_wconf 89' lang='lat' dir='ltr'>summurn</span> <span class='ocrx_word' id='word_1_109' title='bbox 727 2155 827 2211; x_wconf 90' lang='lat' dir='ltr'>bunum</span> <span class='ocrx_word' id='word_1_110' title='bbox 840 2163 891 2224; x_wconf 86' lang='lat' dir='ltr'>est,</span> <span class='ocrx_word' id='word_1_111' title='bbox 907 2156 1148 2228; x_wconf 83' lang='lat' dir='ltr'>quomadmodum</span> <span class='ocrx_word' id='word_1_112' title='bbox 1175 2189 1178 2207; x_wconf 66' lang='grc' dir='ltr'><strong>ι</strong></span> 
     </span>
     <span class='ocr_line' id='line_1_16' title="bbox 302 2256 1182 2331; baseline 0.007 -17"><span class='ocrx_word' id='word_1_113' title='bbox 302 2259 426 2331; x_wconf 83' lang='lat' dir='ltr'>pateticis</span> <span class='ocrx_word' id='word_1_114' title='bbox 437 2259 534 2314; x_wconf 85' lang='lat' dir='ltr'>vestris</span> <span class='ocrx_word' id='word_1_115' title='bbox 548 2258 664 2325; x_wconf 85' lang='lat' dir='ltr'>videtur,</span> <span class='ocrx_word' id='word_1_116' title='bbox 681 2266 709 2313; x_wconf 88' lang='lat' dir='ltr'>ut</span> <span class='ocrx_word' id='word_1_117' title='bbox 724 2258 825 2327; x_wconf 88' lang='lat' dir='ltr'>omnia,</span> <span class='ocrx_word' id='word_1_118' title='bbox 840 2256 970 2315; x_wconf 82' lang='lat' dir='ltr'>exalterat</span> <span class='ocrx_word' id='word_1_119' title='bbox 988 2266 1069 2330; x_wconf 80' lang='lat' dir='ltr'>parte</span> <span class='ocrx_word' id='word_1_120' title='bbox 1088 2262 1137 2319; x_wconf 86' lang='lat' dir='ltr'>ool</span> <span class='ocrx_word' id='word_1_121' title='bbox 1153 2290 1182 2309; x_wconf 58' lang='grc' dir='ltr'>’ν</span> 
     </span>
    </p>
   </div>
   <div class='ocr_carea' id='block_1_5' title="bbox 301 2338 1176 2428">
    <p class='ocr_par' dir='ltr' id='par_1_6' title="bbox 301 2338 1176 2428">
     <span class='ocr_line' id='line_1_17' title="bbox 301 2338 1176 2428; baseline 0.006 -11"><span class='ocrx_word' id='word_1_122' title='bbox 301 2361 345 2417; x_wconf 83' lang='lat' dir='ltr'>vix</span> <span class='ocrx_word' id='word_1_123' title='bbox 360 2361 463 2417; x_wconf 89' lang='lat' dir='ltr'>minimi</span> <span class='ocrx_word' id='word_1_124' title='bbox 485 2360 613 2415; x_wconf 88' lang='lat' dir='ltr'>momenti</span> <span class='ocrx_word' id='word_1_125' title='bbox 629 2338 735 2415; x_wconf 76' lang='lat' dir='ltr'>instar</span> <span class='ocrx_word' id='word_1_126' title='bbox 750 2359 886 2428; x_wconf 87' lang='lat' dir='ltr'>habeant;</span> <span class='ocrx_word' id='word_1_127' title='bbox 908 2358 1093 2419; x_wconf 87' lang='lat' dir='ltr'>dubitandum</span> <span class='ocrx_word' id='word_1_128' title='bbox 1119 2381 1176 2422; x_wconf 86' lang='lat' dir='ltr'>uon</span> 
     </span>
    </p>
   </div>
   <div class='ocr_carea' id='block_1_6' title="bbox 301 2587 1182 3957">
    <p class='ocr_par' dir='ltr' id='par_1_7' title="bbox 301 2587 1178 3304">
     <span class='ocr_line' id='line_1_18' title="bbox 302 2587 1154 2653; baseline -0.002 -14"><span class='ocrx_word' id='word_1_129' title='bbox 302 2600 351 2639; x_wconf 88' lang='lat' dir='ltr'>met</span> <span class='ocrx_word' id='word_1_130' title='bbox 371 2592 425 2639; x_wconf 87' lang='lat' dir='ltr'>d&#39;en</span> <span class='ocrx_word' id='word_1_131' title='bbox 446 2589 526 2653; x_wconf 87' lang='lat' dir='ltr'>parier</span> <span class='ocrx_word' id='word_1_132' title='bbox 548 2587 608 2633; x_wconf 86' lang='lat' dir='ltr'>dans</span> <span class='ocrx_word' id='word_1_133' title='bbox 632 2588 656 2634; x_wconf 86' lang='lat' dir='ltr'>la</span> <span class='ocrx_word' id='word_1_134' title='bbox 678 2589 748 2635; x_wconf 84' lang='lat' dir='ltr'>snite.</span> <span class='ocrx_word' id='word_1_135' title='bbox 770 2589 839 2637; x_wconf 82' lang='lat' dir='ltr'>Nono</span> <span class='ocrx_word' id='word_1_136' title='bbox 860 2604 935 2636; x_wconf 77' lang='lat' dir='ltr'>anona</span> <span class='ocrx_word' id='word_1_137' title='bbox 952 2602 1041 2636; x_wconf 80' lang='lat' dir='ltr'>ancora</span> <span class='ocrx_word' id='word_1_138' title='bbox 1060 2603 1107 2639; x_wconf 80' lang='lat' dir='ltr'>aur</span> <span class='ocrx_word' id='word_1_139' title='bbox 1135 2616 1154 2629; x_wconf 28' lang='grc' dir='ltr'>«ι</span> 
     </span>
     <span class='ocr_line' id='line_1_19' title="bbox 303 2678 1170 2746; baseline -0.002 -15"><span class='ocrx_word' id='word_1_140' title='bbox 303 2684 455 2746; x_wconf 72' lang='lat' dir='ltr'>temoignage</span> <span class='ocrx_word' id='word_1_141' title='bbox 472 2679 629 2740; x_wconf 86' lang='lat' dir='ltr'>authentiqnc</span> <span class='ocrx_word' id='word_1_142' title='bbox 656 2678 684 2726; x_wconf 86' lang='lat' dir='ltr'>do</span> <span class='ocrx_word' id='word_1_143' title='bbox 702 2680 860 2737; x_wconf 61' lang='lat' dir='ltr'>Posidoniust</span> <span class='ocrx_word' id='word_1_144' title='bbox 874 2681 892 2728; x_wconf 88' lang='lat' dir='ltr'>ii</span> <span class='ocrx_word' id='word_1_145' title='bbox 907 2685 1035 2742; x_wconf 66' lang='lat' dir='ltr'>supporto,</span> <span class='ocrx_word' id='word_1_146' title='bbox 1054 2678 1120 2729; x_wconf 71' lang='lat' dir='ltr'>daus</span> <span class='ocrx_word' id='word_1_147' title='bbox 1142 2697 1170 2731; x_wconf 81' lang='lat' dir='ltr'>u·</span> 
     </span>
     <span class='ocr_line' id='line_1_20' title="bbox 303 2773 1163 2839; baseline 0.001 -14"><span class='ocrx_word' id='word_1_148' title='bbox 303 2793 339 2825; x_wconf 85' lang='lat' dir='ltr'>sea</span> <span class='ocrx_word' id='word_1_149' title='bbox 351 2779 441 2838; x_wconf 82' lang='lat' dir='ltr'>lettres,</span> <span class='ocrx_word' id='word_1_150' title='bbox 452 2790 498 2838; x_wconf 80' lang='lat' dir='ltr'>qna</span> <span class='ocrx_word' id='word_1_151' title='bbox 515 2775 543 2823; x_wconf 87' lang='lat' dir='ltr'>P.</span> <span class='ocrx_word' id='word_1_152' title='bbox 555 2774 661 2822; x_wconf 82' lang='lat' dir='ltr'>Rutilius</span> <span class='ocrx_word' id='word_1_153' title='bbox 676 2774 763 2831; x_wconf 77' lang='lat' dir='ltr'>Rufus,</span> <span class='ocrx_word' id='word_1_154' title='bbox 779 2775 878 2839; x_wconf 84' lang='lat' dir='ltr'>discipla</span> <span class='ocrx_word' id='word_1_155' title='bbox 892 2774 921 2822; x_wconf 86' lang='lat' dir='ltr'>de</span> <span class='ocrx_word' id='word_1_156' title='bbox 941 2773 1070 2829; x_wconf 65' lang='lat' dir='ltr'>Panotios,</span> <span class='ocrx_word' id='word_1_157' title='bbox 1081 2774 1163 2825; x_wconf 74' lang='lat' dir='ltr'>dinis</span> 
     </span>
     <span class='ocr_line' id='line_1_21' title="bbox 302 2866 1175 2934; baseline 0.002 -17"><span class='ocrx_word' id='word_1_158' title='bbox 302 2881 358 2919; x_wconf 82' lang='lat' dir='ltr'>vent</span> <span class='ocrx_word' id='word_1_159' title='bbox 370 2886 424 2934; x_wconf 83' lang='lat' dir='ltr'>qne,</span> <span class='ocrx_word' id='word_1_160' title='bbox 436 2884 529 2934; x_wconf 83' lang='lat' dir='ltr'>commo</span> <span class='ocrx_word' id='word_1_161' title='bbox 538 2869 556 2916; x_wconf 90' lang='lat' dir='ltr'>il</span> <span class='ocrx_word' id='word_1_162' title='bbox 567 2883 597 2915; x_wconf 88' lang='lat' dir='ltr'>ne</span> <span class='ocrx_word' id='word_1_163' title='bbox 609 2883 633 2914; x_wconf 84' lang='lat' dir='ltr'>se</span> <span class='ocrx_word' id='word_1_164' title='bbox 643 2877 729 2915; x_wconf 82' lang='lat' dir='ltr'>trouva</span> <span class='ocrx_word' id='word_1_165' title='bbox 739 2884 819 2916; x_wconf 87' lang='lat' dir='ltr'>aucun</span> <span class='ocrx_word' id='word_1_166' title='bbox 831 2871 923 2933; x_wconf 77' lang='lat' dir='ltr'>peintus</span> <span class='ocrx_word' id='word_1_167' title='bbox 932 2882 994 2931; x_wconf 83' lang='lat' dir='ltr'>potu·</span> <span class='ocrx_word' id='word_1_168' title='bbox 1002 2866 1175 2919; x_wconf 65' lang='lat' dir='ltr'>whatesstv</span> 
     </span>
     <span class='ocr_line' id='line_1_22' title="bbox 303 2961 1175 3027; baseline 0.001 -16"><span class='ocrx_word' id='word_1_169' title='bbox 303 2965 332 3011; x_wconf 86' lang='lat' dir='ltr'>de</span> <span class='ocrx_word' id='word_1_170' title='bbox 343 2966 391 3012; x_wconf 88' lang='lat' dir='ltr'>Cos</span> <span class='ocrx_word' id='word_1_171' title='bbox 401 2963 553 3011; x_wconf 76' lang='lat' dir='ltr'>commeando</span> <span class='ocrx_word' id='word_1_172' title='bbox 573 2977 617 3023; x_wconf 88' lang='lat' dir='ltr'>par</span> <span class='ocrx_word' id='word_1_173' title='bbox 629 2961 721 3023; x_wconf 78' lang='lat' dir='ltr'>Apelle,</span> <span class='ocrx_word' id='word_1_174' title='bbox 735 2977 805 3023; x_wconf 87' lang='lat' dir='ltr'>parce</span> <span class='ocrx_word' id='word_1_175' title='bbox 817 2977 863 3024; x_wconf 87' lang='lat' dir='ltr'>que</span> <span class='ocrx_word' id='word_1_176' title='bbox 875 2963 899 3010; x_wconf 87' lang='lat' dir='ltr'>la</span> <span class='ocrx_word' id='word_1_177' title='bbox 918 2963 964 3009; x_wconf 72' lang='lat' dir='ltr'>tete</span> <span class='ocrx_word' id='word_1_178' title='bbox 973 2962 1032 3009; x_wconf 68' lang='lat' dir='ltr'>datr</span> <span class='ocrx_word' id='word_1_179' title='bbox 1044 2962 1066 3010; x_wconf 84' lang='lat' dir='ltr'>ti</span> <span class='ocrx_word' id='word_1_180' title='bbox 1079 2961 1175 3027; x_wconf 77' lang='lat' dir='ltr'>belleq</span> 
     </span>
     <span class='ocr_line' id='line_1_23' title="bbox 303 3052 1178 3119; baseline 0.001 -15"><span class='ocrx_word' id='word_1_181' title='bbox 303 3057 448 3119; x_wconf 74' lang='lat' dir='ltr'>deaespdruit</span> <span class='ocrx_word' id='word_1_182' title='bbox 464 3055 565 3102; x_wconf 80' lang='lat' dir='ltr'>descire</span> <span class='ocrx_word' id='word_1_183' title='bbox 584 3070 616 3101; x_wconf 90' lang='lat' dir='ltr'>un</span> <span class='ocrx_word' id='word_1_184' title='bbox 636 3070 705 3116; x_wconf 83' lang='lat' dir='ltr'>corps</span> <span class='ocrx_word' id='word_1_185' title='bbox 725 3055 765 3116; x_wconf 90' lang='lat' dir='ltr'>qui</span> <span class='ocrx_word' id='word_1_186' title='bbox 779 3058 822 3118; x_wconf 77' lang='lat' dir='ltr'>put</span> <span class='ocrx_word' id='word_1_187' title='bbox 834 3071 851 3118; x_wconf 82' lang='lat' dir='ltr'>y</span> <span class='ocrx_word' id='word_1_188' title='bbox 863 3053 992 3118; x_wconf 59' lang='lat' dir='ltr'>rependum</span> <span class='ocrx_word' id='word_1_189' title='bbox 1003 3052 1033 3102; x_wconf 78' lang='lat' dir='ltr'>ds</span> <span class='ocrx_word' id='word_1_190' title='bbox 1045 3056 1136 3115; x_wconf 62' lang='lat' dir='ltr'>meme,</span> <span class='ocrx_word' id='word_1_191' title='bbox 1149 3072 1178 3105; x_wconf 78' lang='lat' dir='ltr'>oo</span> 
     </span>
     <span class='ocr_line' id='line_1_24' title="bbox 302 3147 1175 3210; baseline -0.001 -12"><span class='ocrx_word' id='word_1_192' title='bbox 302 3148 420 3198; x_wconf 84' lang='lat' dir='ltr'>Pane&#39;tius</span> <span class='ocrx_word' id='word_1_193' title='bbox 430 3149 498 3197; x_wconf 82' lang='lat' dir='ltr'>avait</span> <span class='ocrx_word' id='word_1_194' title='bbox 508 3148 570 3195; x_wconf 86' lang='lat' dir='ltr'>e&#39;crit</span> <span class='ocrx_word' id='word_1_195' title='bbox 578 3147 619 3194; x_wconf 86' lang='lat' dir='ltr'>dea</span> <span class='ocrx_word' id='word_1_196' title='bbox 627 3147 722 3194; x_wconf 85' lang='lat' dir='ltr'>devoirs</span> <span class='ocrx_word' id='word_1_197' title='bbox 734 3149 793 3194; x_wconf 84' lang='lat' dir='ltr'>dtuit</span> <span class='ocrx_word' id='word_1_198' title='bbox 805 3149 823 3194; x_wconf 88' lang='lat' dir='ltr'>si</span> <span class='ocrx_word' id='word_1_199' title='bbox 838 3147 935 3210; x_wconf 75' lang='lat' dir='ltr'>purfait,</span> <span class='ocrx_word' id='word_1_200' title='bbox 948 3161 995 3210; x_wconf 83' lang='lat' dir='ltr'>quc</span> <span class='ocrx_word' id='word_1_201' title='bbox 1006 3160 1130 3209; x_wconf 77' lang='lat' dir='ltr'>personna</span> <span class='ocrx_word' id='word_1_202' title='bbox 1140 3148 1175 3197; x_wconf 85' lang='lat' dir='ltr'>u&#39;</span> 
     </span>
     <span class='ocr_line' id='line_1_25' title="bbox 301 3240 955 3304; baseline -0.003 -14"><span class='ocrx_word' id='word_1_203' title='bbox 301 3245 342 3291; x_wconf 81' lang='lat' dir='ltr'>usti</span> <span class='ocrx_word' id='word_1_204' title='bbox 353 3241 524 3304; x_wconf 81' lang='lat' dir='ltr'>entreprondra</span> <span class='ocrx_word' id='word_1_205' title='bbox 536 3240 577 3301; x_wconf 80' lang='lat' dir='ltr'>d&#39;y</span> <span class='ocrx_word' id='word_1_206' title='bbox 590 3241 685 3301; x_wconf 81' lang='lat' dir='ltr'>ajouter·</span> <span class='ocrx_word' id='word_1_207' title='bbox 695 3255 721 3287; x_wconf 87' lang='lat' dir='ltr'>ce</span> <span class='ocrx_word' id='word_1_208' title='bbox 732 3241 791 3302; x_wconf 89' lang='lat' dir='ltr'>qu’ii</span> <span class='ocrx_word' id='word_1_209' title='bbox 805 3243 870 3287; x_wconf 85' lang='lat' dir='ltr'>nvait</span> <span class='ocrx_word' id='word_1_210' title='bbox 885 3241 955 3288; x_wconf 84' lang='lat' dir='ltr'>omis.</span> 
     </span>
    </p>

    <p class='ocr_par' dir='ltr' id='par_1_8' title="bbox 302 3331 1182 3957">
     <span class='ocr_line' id='line_1_26' title="bbox 335 3331 1179 3391; baseline -0.002 -6"><span class='ocrx_word' id='word_1_211' title='bbox 335 3335 378 3385; x_wconf 88' lang='lat' dir='ltr'>ttl.</span> <span class='ocrx_word' id='word_1_212' title='bbox 395 3336 433 3385; x_wconf 91' lang='lat' dir='ltr'>On</span> <span class='ocrx_word' id='word_1_213' title='bbox 451 3351 481 3383; x_wconf 84' lang='lat' dir='ltr'>na</span> <span class='ocrx_word' id='word_1_214' title='bbox 491 3335 584 3382; x_wconf 85' lang='lat' dir='ltr'>saurait</span> <span class='ocrx_word' id='word_1_215' title='bbox 596 3333 658 3382; x_wconf 90' lang='lat' dir='ltr'>douo</span> <span class='ocrx_word' id='word_1_216' title='bbox 671 3333 757 3381; x_wconf 84' lang='lat' dir='ltr'>deuter</span> <span class='ocrx_word' id='word_1_217' title='bbox 772 3334 801 3382; x_wconf 86' lang='lat' dir='ltr'>do</span> <span class='ocrx_word' id='word_1_218' title='bbox 812 3334 950 3381; x_wconf 85' lang='lat' dir='ltr'>l&#39;intantion</span> <span class='ocrx_word' id='word_1_219' title='bbox 968 3331 997 3379; x_wconf 82' lang='lat' dir='ltr'>tle</span> <span class='ocrx_word' id='word_1_220' title='bbox 1015 3332 1153 3391; x_wconf 70' lang='grc' dir='ltr'><strong>Ριιιέῑίιιις</strong></span> <span class='ocrx_word' id='word_1_221' title='bbox 1176 3360 1179 3376; x_wconf 77' lang='grc' dir='ltr'><strong>ι</strong></span> 
     </span>
     <span class='ocr_line' id='line_1_27' title="bbox 302 3424 1179 3488; baseline -0.001 -13"><span class='ocrx_word' id='word_1_222' title='bbox 302 3427 415 3475; x_wconf 75' lang='lat' dir='ltr'>astruit-il</span> <span class='ocrx_word' id='word_1_223' title='bbox 427 3442 457 3473; x_wconf 85' lang='lat' dir='ltr'>cu</span> <span class='ocrx_word' id='word_1_224' title='bbox 470 3427 551 3473; x_wconf 86' lang='lat' dir='ltr'>raison</span> <span class='ocrx_word' id='word_1_225' title='bbox 564 3425 683 3488; x_wconf 80' lang='lat' dir='ltr'>d&#39;ajouter</span> <span class='ocrx_word' id='word_1_226' title='bbox 696 3432 758 3473; x_wconf 84' lang='lat' dir='ltr'>cette</span> <span class='ocrx_word' id='word_1_227' title='bbox 779 3427 900 3473; x_wconf 76' lang='lat' dir='ltr'>troisieme</span> <span class='ocrx_word' id='word_1_228' title='bbox 915 3424 992 3487; x_wconf 81' lang='lat' dir='ltr'>partie</span> <span class='ocrx_word' id='word_1_229' title='bbox 1009 3424 1080 3471; x_wconf 70' lang='lat' dir='ltr'>teon</span> <span class='ocrx_word' id='word_1_230' title='bbox 1090 3424 1179 3473; x_wconf 70' lang='lat' dir='ltr'>&#39;tratre</span> 
     </span>
     <span class='ocr_line' id='line_1_28' title="bbox 304 3517 1174 3584; baseline -0.003 -13"><span class='ocrx_word' id='word_1_231' title='bbox 304 3519 428 3571; x_wconf 79' lang='lat' dir='ltr'>Davoirs?</span> <span class='ocrx_word' id='word_1_232' title='bbox 444 3522 504 3569; x_wconf 80' lang='lat' dir='ltr'>c&#39;ast</span> <span class='ocrx_word' id='word_1_233' title='bbox 515 3536 542 3569; x_wconf 86' lang='lat' dir='ltr'>oe</span> <span class='ocrx_word' id='word_1_234' title='bbox 554 3522 595 3584; x_wconf 89' lang='lat' dir='ltr'>qui</span> <span class='ocrx_word' id='word_1_235' title='bbox 607 3529 665 3584; x_wconf 89' lang='lat' dir='ltr'>peut</span> <span class='ocrx_word' id='word_1_236' title='bbox 679 3524 728 3568; x_wconf 75' lang='lat' dir='ltr'>titre</span> <span class='ocrx_word' id='word_1_237' title='bbox 743 3521 789 3568; x_wconf 85' lang='lat' dir='ltr'>mia</span> <span class='ocrx_word' id='word_1_238' title='bbox 802 3537 831 3568; x_wconf 86' lang='lat' dir='ltr'>en</span> <span class='ocrx_word' id='word_1_239' title='bbox 849 3520 970 3583; x_wconf 83' lang='lat' dir='ltr'>question.</span> <span class='ocrx_word' id='word_1_240' title='bbox 987 3517 1036 3566; x_wconf 86' lang='lat' dir='ltr'>Car</span> <span class='ocrx_word' id='word_1_241' title='bbox 1048 3519 1097 3565; x_wconf 81' lang='lat' dir='ltr'>soit</span> <span class='ocrx_word' id='word_1_242' title='bbox 1110 3520 1174 3583; x_wconf 84' lang='lat' dir='ltr'>qu&#39;il</span> 
     </span>
     <span class='ocr_line' id='line_1_29' title="bbox 302 3612 1173 3677; baseline -0.001 -15"><span class='ocrx_word' id='word_1_243' title='bbox 302 3616 336 3662; x_wconf 90' lang='lat' dir='ltr'>ait</span> <span class='ocrx_word' id='word_1_244' title='bbox 348 3616 400 3663; x_wconf 84' lang='lat' dir='ltr'>rien</span> <span class='ocrx_word' id='word_1_245' title='bbox 412 3614 441 3662; x_wconf 88' lang='lat' dir='ltr'>da</span> <span class='ocrx_word' id='word_1_246' title='bbox 453 3616 500 3664; x_wconf 91' lang='lat' dir='ltr'>bon</span> <span class='ocrx_word' id='word_1_247' title='bbox 516 3629 563 3677; x_wconf 84' lang='lat' dir='ltr'>qus</span> <span class='ocrx_word' id='word_1_248' title='bbox 574 3614 706 3676; x_wconf 69' lang='lat' dir='ltr'>l&#39;honndte,</span> <span class='ocrx_word' id='word_1_249' title='bbox 720 3630 813 3663; x_wconf 83' lang='lat' dir='ltr'>commo</span> <span class='ocrx_word' id='word_1_250' title='bbox 832 3616 867 3664; x_wconf 90' lang='lat' dir='ltr'>les</span> <span class='ocrx_word' id='word_1_251' title='bbox 885 3614 999 3663; x_wconf 83' lang='lat' dir='ltr'>stoicieus</span> <span class='ocrx_word' id='word_1_252' title='bbox 1017 3613 1040 3659; x_wconf 82' lang='lat' dir='ltr'>is</span> <span class='ocrx_word' id='word_1_253' title='bbox 1055 3612 1173 3661; x_wconf 81' lang='lat' dir='ltr'>sontiann</span> 
     </span>
     <span class='ocr_line' id='line_1_30' title="bbox 302 3706 1178 3773; baseline 0 -19"><span class='ocrx_word' id='word_1_254' title='bbox 302 3724 397 3770; x_wconf 76' lang='lat' dir='ltr'>nuque,</span> <span class='ocrx_word' id='word_1_255' title='bbox 410 3724 503 3757; x_wconf 86' lang='lat' dir='ltr'>comma</span> <span class='ocrx_word' id='word_1_256' title='bbox 516 3709 596 3758; x_wconf 84' lang='lat' dir='ltr'>disant</span> <span class='ocrx_word' id='word_1_257' title='bbox 608 3725 651 3757; x_wconf 84' lang='lat' dir='ltr'>vos</span> <span class='ocrx_word' id='word_1_258' title='bbox 663 3710 864 3773; x_wconf 74' lang='lat' dir='ltr'>peripateticiens.</span> <span class='ocrx_word' id='word_1_259' title='bbox 879 3709 1002 3755; x_wconf 78' lang='lat' dir='ltr'>l&#39;hnnutte</span> <span class='ocrx_word' id='word_1_260' title='bbox 1013 3706 1061 3753; x_wconf 82' lang='lat' dir='ltr'>soit</span> <span class='ocrx_word' id='word_1_261' title='bbox 1081 3720 1116 3752; x_wconf 90' lang='grc' dir='ltr'><strong>ιιιι</strong></span> <span class='ocrx_word' id='word_1_262' title='bbox 1136 3706 1178 3754; x_wconf 78' lang='lat' dir='ltr'>bis</span> 
     </span>
     <span class='ocr_line' id='line_1_31' title="bbox 303 3796 1182 3866; baseline 0 -19"><span class='ocrx_word' id='word_1_263' title='bbox 303 3800 388 3858; x_wconf 68' lang='lat' dir='ltr'>grand,</span> <span class='ocrx_word' id='word_1_264' title='bbox 404 3816 450 3863; x_wconf 82' lang='lat' dir='ltr'>qne</span> <span class='ocrx_word' id='word_1_265' title='bbox 459 3808 513 3850; x_wconf 81' lang='lat' dir='ltr'>tous</span> <span class='ocrx_word' id='word_1_266' title='bbox 525 3803 560 3850; x_wconf 85' lang='lat' dir='ltr'>les</span> <span class='ocrx_word' id='word_1_267' title='bbox 571 3813 661 3859; x_wconf 72' lang='lat' dir='ltr'>autres,</span> <span class='ocrx_word' id='word_1_268' title='bbox 677 3805 801 3866; x_wconf 72' lang='lat' dir='ltr'>comparia</span> <span class='ocrx_word' id='word_1_269' title='bbox 816 3802 829 3850; x_wconf 81' lang='lat' dir='ltr'>ir</span> <span class='ocrx_word' id='word_1_270' title='bbox 842 3801 950 3858; x_wconf 81' lang='lat' dir='ltr'>celui-lit¹</span> <span class='ocrx_word' id='word_1_271' title='bbox 966 3815 996 3847; x_wconf 84' lang='lat' dir='ltr'>nc</span> <span class='ocrx_word' id='word_1_272' title='bbox 1008 3796 1122 3846; x_wconf 71' lang='lat' dir='ltr'>mit-itcnt</span> <span class='ocrx_word' id='word_1_273' title='bbox 1134 3812 1182 3847; x_wconf 85' lang='grc' dir='ltr'>ιιι</span> 
     </span>
     <span class='ocr_line' id='line_1_32' title="bbox 303 3890 1178 3957; baseline 0 -17"><span class='ocrx_word' id='word_1_274' title='bbox 303 3893 490 3954; x_wconf 71' lang='lat' dir='ltr'>consideration,</span> <span class='ocrx_word' id='word_1_275' title='bbox 504 3897 522 3942; x_wconf 84' lang='lat' dir='ltr'>tt</span> <span class='ocrx_word' id='word_1_276' title='bbox 539 3903 576 3942; x_wconf 80' lang='lat' dir='ltr'>eat</span> <span class='ocrx_word' id='word_1_277' title='bbox 589 3897 680 3943; x_wconf 86' lang='lat' dir='ltr'>certain</span> <span class='ocrx_word' id='word_1_278' title='bbox 694 3911 739 3957; x_wconf 85' lang='lat' dir='ltr'>que</span> <span class='ocrx_word' id='word_1_279' title='bbox 755 3896 838 3945; x_wconf 70' lang='lat' dir='ltr'>Futile,</span> <span class='ocrx_word' id='word_1_280' title='bbox 848 3910 877 3940; x_wconf 85' lang='lat' dir='ltr'>ue</span> <span class='ocrx_word' id='word_1_281' title='bbox 890 3899 946 3954; x_wconf 82' lang='lat' dir='ltr'>peut</span> <span class='ocrx_word' id='word_1_282' title='bbox 962 3891 1051 3953; x_wconf 75' lang='lat' dir='ltr'>jamnis</span> <span class='ocrx_word' id='word_1_283' title='bbox 1067 3890 1121 3938; x_wconf 73' lang='lat' dir='ltr'>trra</span> <span class='ocrx_word' id='word_1_284' title='bbox 1142 3893 1178 3940; x_wconf 77' lang='lat' dir='ltr'>tui</span> 
     </span>
    </p>
   </div>
   <div class='ocr_carea' id='block_1_7' title="bbox 0 0 1187 4628">
    <p class='ocr_par' dir='ltr' id='par_1_9' title="bbox 0 0 1187 4628">
     <span class='ocr_line' id='line_1_33' title="bbox 0 0 1187 4628; baseline 0 0"><span class='ocrx_word' id='word_1_285' title='bbox 0 0 1187 4628; x_wconf 95' lang='lat' dir='ltr'> </span> 
     </span>
    </p>
   </div>
  </div>
 </body>
</html>
