2474 4694
136 320 139 322 .
158 39 1142 365 ,rs—--.mg

374 372 377 377 Ι
922 372 925 377 ι
997 362 1000 367 ’
1023 368 1031 381 ι’

1066 386 1070 393 .

843 494 848 501 1

75 517 77 527 Ι

787 584 790 593 ι
989 594 991 601 r

170 813 208 870 35
472 811 508 855 nn
529 810 647 859 urricus
670 811 751 856 ranan
774 813 793 857 t.

168 936 228 980 mus
247 924 299 980 rite
317 923 411 980 baberi
431 925 509 980 solet.
530 925 663 992 Quocirca
685 926 759 995 huic,
774 927 853 999 quasi
874 928 987 983 materia
1011 943 1097 1000 quam

81 1078 84 1083 .
169 1032 299 1082 tractetet
311 1025 339 1080 in
353 1040 408 1097 qua
419 1033 552 1095 versetur,
564 1028 685 1100 subjecta
696 1037 738 1083 est
749 1029 861 1084 veritas.
869 1027 992 1100 Reliquis
1004 1036 1096 1085 eutem

168 1128 254 1184 tribus
267 1127 412 1183 virtutibus
426 1129 603 1184 necessitates
620 1129 767 1202 propositae
788 1136 852 1183 sunt
870 1128 905 1183 ad
921 1145 967 1184 ees
982 1146 1025 1185 res
1044 1146 1095 1201 ria·

170 1227 270 1284 rondes
285 1227 462 1300 tuendasque,
477 1230 576 1301 quibus
591 1230 662 1285 actio
678 1231 742 1286 ritae
758 1232 912 1285 continetur
928 1248 934 1283 :
956 1236 1028 1285 utet
1047 1246 1094 1286 so·

170 1329 254 1386 eietas
270 1330 408 1387 hominum
424 1333 631 1406 conjunctioque
646 1343 779 1400 servetur,
795 1340 823 1387 et
837 1333 919 1389 animi
935 1333 1093 1390 excellentia

169 1432 389 1504 magnitudoque,
406 1449 490 1504 qurum
509 1432 536 1487 in
554 1433 685 1504 augendis
703 1433 810 1503 opibuS,
827 1432 1045 1504 utilitatibusque
1067 1444 1096 1489 et

168 1533 218 1587 sibi
230 1539 259 1588 ot
270 1534 325 1590 suis
337 1534 537 1607 comparandis,
553 1542 608 1589 tum
624 1534 709 1590 multo
724 1535 809 1605 magis
824 1535 851 1589 iu
864 1533 908 1588 bis
923 1533 989 1606 ipsis
1003 1535 1096 1607 despi-

168 1632 281 1702 ciendis,
299 1634 414 1691 eluceat.
427 1635 500 1693 Ordo
514 1641 614 1700 autem,
635 1643 663 1691 et
679 1635 831 1691 constantia
846 1643 875 1690 et
892 1635 1051 1705 moderatio,
1068 1646 1097 1692 et

169 1752 202 1793 ee
215 1751 278 1807 quae
299 1744 364 1792 sunt
384 1736 426 1791 tus
447 1738 553 1803 similia,
570 1745 715 1792 versantur
737 1737 764 1792 iu
783 1752 816 1791 eo
838 1752 946 1808 genere,
961 1737 995 1792 ad
1019 1739 1095 1809 quod

169 1838 323 1894 adhibenda
337 1845 379 1894 est
392 1840 462 1894 actio
473 1839 611 1911 quaedam,
624 1853 679 1892 non
694 1837 782 1893 solum
798 1837 896 1892 mentis
907 1837 1028 1907 agitatio.
1044 1838 1096 1894 His

168 1941 241 1996 enim
255 1941 337 1997 rebus
354 1956 417 2012 quat
437 1949 587 1997 tractantur
604 1941 633 1995 in
651 1940 706 1995 vita
722 1940 830 1995 modum
848 1938 994 2012 quemdam
1013 1941 1096 1996 adhi-

169 2044 264 2100 bentee
274 2051 303 2100 et
315 2044 448 2112 ordinem,
461 2044 629 2102 honestatem
642 2052 670 2099 et
682 2043 764 2098 decus
779 2044 1010 2100 conservabimus.

205 2145 247 2201 vt
264 2147 301 2201 Ex
317 2153 433 2215 quatuor
445 2154 534 2202 autem
549 2145 617 2203 loeis
633 2147 659 2200 in
675 2161 744 2216 quos
757 2145 863 2200 bonesti
881 2152 1006 2200 naturam
1022 2146 1094 2203 rim·

169 2262 223 2317 que
240 2246 394 2317 divisimus,
407 2248 509 2320 primus
526 2249 579 2316 ille,
596 2249 643 2319 qui
663 2249 690 2303 in
713 2248 769 2303 veri
790 2246 941 2318 cognitione
957 2249 1092 2318 consistit,

169 2347 285 2405 maxime
296 2355 420 2405 naturam
434 2349 542 2420 attingit
555 2349 710 2406 humanam.
721 2351 822 2406 Omnes
835 2351 907 2405 enim
922 2349 1056 2407 trebimur
1067 2357 1095 2406 et

170 2604 232 2653 douo
247 2605 273 2653 le
284 2606 358 2654 verite
371 2612 407 2654 est
422 2604 506 2669 l'objet
520 2622 606 2670 propre
627 2605 655 2654 de
672 2616 733 2655 cette
746 2614 821 2665 ventu,
835 2614 858 2655 et
870 2623 899 2655 en
913 2607 1015 2671 nirelqne
1029 2616 1094 2659 sorte

171 2702 195 2749 le
205 2704 305 2751 muliere
326 2719 368 2752 sur
389 2704 493 2767 laquelle
513 2706 558 2753 elle
577 2706 690 2753 s'exeree.
709 2706 804 2770 L'objet
824 2707 865 2755 des
885 2707 945 2754 trois
965 2713 1048 2755 eutres
1060 2714 1097 2757 eal

169 2800 333 2863 l'uequisition
345 2809 369 2848 et
378 2801 403 2848 la
414 2803 584 2850 conseruntion
595 2802 624 2850 de
636 2811 688 2850 tout
698 2819 725 2850 ee
740 2806 781 2866 qui
794 2814 829 2851 est
841 2805 973 2851 neeessuire
984 2807 998 2850 le
1010 2804 1035 2852 lu
1047 2805 1093 2864 uis,

171 2896 316 2944 l’hnrmonie
325 2895 354 2944 do
366 2896 390 2943 la
400 2898 487 2946 societe
498 2897 621 2957 humeine,
636 2900 661 2948 la
674 2900 795 2962 grundeur
810 2899 888 2946 d'lrme
900 2900 940 2961 qui
956 2899 1094 2963 brilleplns

170 3009 256 3043 encore
267 2996 282 3041 ὲ
293 2995 407 3058 meprieer
420 2996 453 3043 les
465 2996 534 3044 biens
547 3006 570 3043 et
579 2996 613 3044 les
629 2997 753 3046 bonneurs
764 2998 820 3060 qu'it
829 2998 864 3045 les
876 2997 1019 3060 poursuivre
1033 3012 1095 3060 pour

170 3094 205 3141 eoi
225 3109 257 3141 ou
275 3108 336 3156 pour
359 3094 395 3142 les
418 3102 507 3141 autres.
530 3094 638 3149 L'ordre,
664 3095 688 3140 le
703 3103 839 3150 constance,
853 3096 878 3142 le
899 3093 1060 3153 mode'rruion,
1072 3102 1097 3143 et

170 3198 249 3239 toules
268 3190 302 3239 les
318 3199 399 3238 autres
411 3199 491 3238 ventus
508 3191 653 3238 semblables
673 3198 782 3238 rentrent
799 3191 859 3238 dens
879 3204 939 3239 cetto
956 3193 1093 3256 categoria

170 3289 227 3335 elles
239 3287 386 3336 demandent
405 3286 434 3334 de
449 3288 548 3335 l'eetion
565 3296 589 3334 et
602 3303 632 3335 ne
653 3304 677 3334 se
690 3296 829 3336 coutentent
842 3305 884 3351 pes
901 3288 930 3336 de
944 3289 969 3336 la
986 3291 1096 3352 speculu-

170 3387 221 3433 tion
238 3400 305 3448 pure.
329 3385 393 3435 C'est
414 3401 443 3433 en
465 3386 594 3433 observant
615 3386 640 3431 la
653 3402 755 3442 mesure,
777 3402 806 3433 en
821 3386 985 3434 introduisent
1004 3387 1095 3436 t‘ordre

170 3481 230 3530 dune
243 3490 321 3531 tontes
340 3483 374 3530 les
387 3482 470 3530 choses
484 3482 512 3529 de
523 3483 548 3530 ln
566 3483 610 3538 vie,
628 3500 673 3546 quo
684 3501 745 3533 nous
756 3492 877 3532 nesterone
892 3483 974 3531 steten
985 3486 1000 3530 is
1010 3483 1094 3535 l'hon-

172 3581 250 3628 neuls
262 3589 286 3627 et
299 3583 315 3626 b
326 3579 350 3626 le
363 3580 513 3628 biense'nnee.

203 3676 248 3725 VI.
268 3677 315 3725 Des
329 3685 413 3740 quatre
424 3678 544 3742 principes
567 3681 686 3743 nuxquels
705 3696 765 3729 noue
786 3695 861 3727 avons
879 3680 990 3742 repperti
1003 3685 1095 3728 tontes

172 3773 214 3836 qni
230 3774 292 3822 tient
307 3774 466 3832 sl'bonnetn
482 3775 505 3822 le
517 3778 628 3839 premier,
648 3779 711 3826 celui
725 3779 766 3842 qui
780 3778 885 3825 consiste
905 3774 966 3822 daus
986 3774 1012 3822 le
1034 3789 1095 3824 con·

171 3872 297 3921 nsismnoe
307 3871 336 3920 de
349 3872 374 3920 le
385 3873 467 3933 verite,
481 3883 517 3923 est
533 3875 554 3922 le
566 3875 620 3938 plus
631 3876 728 3924 neturel
740 3878 754 3922 b
766 3875 890 3923 l’bomme.
905 3874 971 3922 Tene
982 3887 1011 3920 en
1025 3870 1092 3931 effet,

172 3982 235 4018 nens
247 3973 479 4020 commonentrelne's
492 3989 535 4038 per
553 3988 584 4022 uu
606 3971 692 4045 ardent
713 3971 777 4020 <bisin
794 3971 822 4019 de
840 3971 921 4020 seroie
934 3974 961 4018 et
984 3967 1013 4016 de
1031 3980 1091 4015 oon·
