2474 4694
273 390 276 397 ι
316 384 319 389 “
757 383 761 389 ’

350 409 353 417 ι

958 452 960 459 ι

389 836 463 897 ⁸nus
483 803 618 895 nnvcrns,
640 839 724 885 ιιιιι
746 841 786 887 ιιι.
1000 830 1063 899 601,

138 949 173 996 sel
185 951 264 1012 potius
272 950 347 1015 jucet,
520 971 551 1001 ou
564 955 643 1017 plutdt
653 964 689 1004 est
698 959 803 1014 abstine,

135 1028 265 1079 omnesque
274 1033 308 1067 ees
323 1021 421 1068 virtutes
519 1030 542 1067 et
553 1027 612 1069 curri
622 1031 699 1070 toute·
712 1039 750 1071 ces
762 1032 842 1072 sertus

135 1097 189 1144 qum
201 1095 335 1133 cernuntur
519 1088 559 1149 qui
571 1096 626 1136 sent
641 1104 700 1137 rues

135 1147 159 1195 in
176 1153 343 1200 communitati
519 1152 578 1200 deus
588 1154 790 1204 lecommnnuutd

134 1222 158 1261 et
170 1216 316 1266 insocietete
369 1234 372 1239 ⁴
519 1229 542 1266 et
552 1218 612 1267 deus
624 1222 649 1268 ls
659 1222 747 1270 eociete

134 1282 230 1342 generis
241 1283 356 1333 humani.
518 1283 550 1332 du
562 1302 636 1348 genre
648 1287 756 1335 bumein.
777 1325 780 1329 .

103 1411 106 1414 ι
134 1347 217 1409 Neque
227 1351 291 1396 enirn
302 1352 406 1405 bonitus,
518 1352 555 1399 En
568 1351 623 1400 effet
636 1353 661 1400 ni
672 1354 696 1401 le
707 1355 785 1411 honre,

134 1415 326 1476 necliberulites,
339 1417 491 1465 neccomitus
517 1419 543 1464 ni
556 1418 581 1465 le
592 1417 756 1475 liberalitem
768 1421 793 1467 le
804 1419 909 1468 douueur

134 1490 212 1541 potest
223 1496 282 1540 esee,
516 1498 546 1530 ne
557 1495 614 1546 peut
627 1484 723 1539 exister,

135 1560 182 1592 non
195 1546 250 1608 plus
264 1563 337 1610 quem
354 1550 470 1608 amicitie,
516 1565 558 1610 pes
569 1550 623 1612 plus
634 1565 680 1612 que
692 1551 801 1608 l'emitid,

134 1615 153 1658 si
167 1612 219 1659 hese
515 1615 534 1662 si
546 1620 690 1677 cesfpuulite'e
948 1618 1055 1680 [mercem

133 1692 182 1724 non
192 1687 335 1741 expetantur
345 1697 387 1746 per
402 1696 436 1744 se,
515 1695 546 1728 ne
560 1692 615 1729 sont
630 1697 672 1745 pse
684 1682 809 1730 cherche'es
831 1698 873 1746 per
885 1684 966 1747 (pour)
984 1685 1055 1733 elles-

133 1743 173 1789 sed
186 1745 324 1794 referentur
515 1749 576 1794 meis
588 1757 643 1795 sont
651 1752 787 1812 rapporte'es

133 1809 163 1856 ed
177 1811 323 1874 voluptutem
516 1829 547 1860 eu
561 1814 645 1876 plaisir

133 1876 300 1926 utilitatemve.
515 1895 546 1928 ou
558 1883 572 1926 it
584 1881 690 1928 l'utilite'.

165 1942 281 1992 XXXIV.
291 1945 448 1995 Conferamus
547 1946 664 1996 XXXIV.
681 1946 852 1995 Beseemblous

133 2008 209 2070 igitur
515 2010 577 2060 donc

133 2077 158 2121 in
168 2090 254 2137 penes.
381 2103 384 2109 ·
514 2093 543 2125 en
562 2078 651 2140 peu-de
662 2090 718 2128 nacte
732 2096 772 2128 uos
784 2083 904 2130 doctrines.

132 2139 204 2195 Num,
222 2152 248 2189 ut
258 2142 383 2192 docuimus
514 2143 571 2204 Cer,
584 2160 747 2194 commeneus
759 2162 834 2196 avons
844 2149 958 2212 enseignd

132 2208 260 2257 utilitatem
272 2225 323 2257 esse
334 2212 436 2266 nullum,
513 2210 612 2259 l'utilite'
623 2214 672 2259 etse
689 2214 765 2266 nulle,

132 2288 186 2335 qum
198 2285 259 2323 eseet
267 2277 389 2325 contrarie
514 2279 553 2338 qui
566 2280 638 2324 sersit
649 2282 770 2327 eontruire

132 2339 263 2401 honestati,
513 2343 691 2404 el’nonnerere,

131 2407 167 2453 sic
180 2406 282 2455 dicimus
513 2409 575 2455 sinsi
588 2423 649 2457 nous
661 2408 743 2457 discus

132 2487 227 2520 ornnem
241 2476 388 2537 voluptutem
513 2483 579 2522 toute
589 2476 685 2537 uoluptd

131 2553 183 2586 esee
198 2543 343 2588 contrrrrinm
357 2542 484 2590 honestati.
512 2544 561 2588 etre
572 2542 717 2589 contraireis
729 2540 885 2591 l'honudtetd.

131 2604 186 2664 an
199 2607 278 2669 magis
287 2608 372 2669 judico
512 2607 629 2655 ll'entsnt
639 2607 692 2671 plus
702 2608 727 2670 je
736 2607 797 2671 juge

130 2671 295 2735 Calliphouern
412 2683 416 2690 '
511 2674 639 2736 Celliplron

130 2748 155 2785 et
170 2737 350 2788 Dinomachum
512 2749 536 2787 et
549 2740 700 2803 Dinomsque

131 2803 345 2866 reprehendendos,
512 2805 594 2854 devoir
604 2809 655 2854 etse
665 2807 749 2869 repris,

131 2871 171 2932 qui
185 2878 331 2933 putaverunt
511 2886 558 2920 cuo
571 2873 611 2934 qui
625 2881 667 2921 out
679 2888 721 2920 cru

130 2952 155 2984 se
167 2936 327 3001 dirempturos
511 2942 660 2987 eux-memes
673 2938 755 2987 devoir
769 2937 877 2986 trencher

130 3006 327 3064 controversiam,
510 3004 665 3062 lcdifferend,

130 3071 150 3117 si
165 3071 343 3133 copulerissent
509 3071 561 3118 e'ils
573 3072 668 3119 ancient
679 3070 792 3133 sccoupld

130 3137 277 3199 voluptutem
286 3153 341 3185 cum
349 3135 481 3195 honestate,
511 3137 535 3185 lu
547 3139 642 3201 volupte
654 3153 711 3186 erec
722 3137 876 3193 l'honnetetd,

130 3210 244 3266 tunquam
257 3204 370 3267 pecudem
510 3219 602 3252 comme
614 3219 662 3252 une
672 3204 726 3251 bete

130 3285 185 3316 cum
197 3269 304 3317 homine.
511 3286 568 3318 suec
585 3286 618 3318 un
630 3269 734 3320 homme.

130 3336 249 3384 lloneetes
260 3352 308 3384 non
320 3337 403 3398 recipit
511 3335 666 3385 L'honnetete
677 3335 781 3384 n’edmet
793 3350 836 3398 pes

129 3403 201 3451 istem
211 3404 416 3466 conjunctionem,
511 3411 571 3450 cette
582 3405 667 3461 union,

130 3479 282 3531 aspernetur,
294 3470 398 3532 repellis.
510 3470 556 3517 elle
569 3474 592 3517 to
601 3471 712 3532 meprise‚
721 3468 769 3516 elle
779 3471 804 3515 lo
812 3483 932 3531 repuusse.

129 3535 180 3584 Nec
189 3551 246 3584 sero
256 3535 311 3583 finis
321 3536 449 3594 bonorum,
512 3537 543 3584 Et
554 3552 583 3583 en
594 3537 668 3583 veriti
678 3537 701 3583 le
713 3534 836 3582 difinition
848 3534 889 3583 des
898 3535 975 3592 biens,

130 3602 172 3664 qul
185 3601 254 3650 debet
265 3618 314 3650 cese
325 3601 436 3665 simplex,
511 3601 553 3663 qui
563 3601 614 3649 doit
629 3603 679 3651 dtre
690 3601 783 3662 simple,

130 3675 208 3731 potest
224 3670 319 3717 misceri
511 3683 540 3714 ue
550 3677 607 3729 peut
616 3684 657 3730 pes
667 3676 717 3716 etre
729 3668 853 3731 melsngee

130 3744 154 3783 et
166 3737 291 3796 temperari
510 3742 534 3781 et
543 3737 593 3781 erre
602 3735 750 3796 smelgemce

130 3817 160 3849 ex
170 3803 242 3851 rebus
253 3801 419 3850 dissimilibus.
512 3800 540 3847 de
551 3800 635 3849 choses
646 3799 835 3848 dissemblsbles.

130 3868 175 3918 Sed
188 3870 236 3918 elic
245 3869 298 3917 loco
511 3865 572 3914 Meis
578 3869 621 3926 fei
630 3868 696 3926 perid
702 3881 731 3913 en
741 3881 774 3914 un
785 3875 854 3914 entre
864 3864 958 3914 endroit

131 3936 241 3999 pluribus
511 3948 539 3979 en
556 3933 654 3995 plus-de
663 3943 721 3980 mete

131 4001 160 4050 de
172 4002 225 4066 1¹⁰9·
510 4016 550 4047 sur
561 3999 619 4056 celu,
