2474 4694
110 771 165 828 itt
410 779 446 826 ne
468 778 586 827 orrrcrrs
607 778 691 825 erere
704 780 732 825 -ι.

108 913 162 970 quo
175 895 311 966 loquimur
324 894 453 951 derorum
476 901 560 949 toturn
582 893 647 949 iliud
666 891 774 965 quidem
788 896 832 946 est
850 907 912 947 eom
930 893 1035 948 virtute

107 1007 258 1073 contusum,
273 1004 320 1062 sed
335 1014 426 1061 mente
439 1012 467 1062 et
479 1005 642 1077 oogitetione
652 1003 837 1074 distinguitur.

140 1120 186 1174 Est
199 1125 289 1174 autem
301 1119 359 1190 ejus
369 1117 513 1190 descriptio
522 1116 633 1188 duplex.
642 1118 711 1172 Nam
722 1122 749 1171 et
759 1114 883 1186 generale
893 1113 1033 1187 quoddam

105 1230 233 1286 decorum
254 1230 441 1302 inteiligimus‚
457 1229 528 1301 quod
547 1229 574 1283 in
595 1229 666 1284 omni
690 1228 833 1284 honestate
853 1233 988 1297 versetur,
1005 1234 1035 1282 et

106 1340 179 1396 atiud
201 1341 264 1397 huie
283 1342 442 1414 subjectum,
457 1341 527 1413 quod
543 1340 656 1412 pertinet
669 1337 702 1392 ed
716 1337 837 1408 singulas
848 1344 939 1410 partes
947 1336 1034 1393 hone-

105 1449 498 1523 statis.ittqueiliudsuperius
511 1450 551 1504 eie
564 1449 620 1505 fere
632 1447 738 1504 definiri
752 1448 821 1503 solet
836 1467 842 1502 :
860 1450 990 1502 Decorum
1004 1449 1031 1503 id

105 1577 168 1616 esse
181 1563 253 1634 quod
268 1568 478 1617 consentaneum
492 1561 528 1615 sit
542 1559 658 1615 hominis
671 1557 848 1625 excellentie,
859 1559 886 1612 in
895 1574 962 1614 eorn
975 1575 1031 1630 quo

106 1678 202 1728 nature
213 1673 273 1743 ejus
290 1686 305 1725 a
320 1670 431 1749 reliquis
445 1671 628 1726 animantibus
643 1670 757 1724 differat.
774 1668 841 1736 Qoae
860 1677 950 1724 eutem
968 1687 1032 1742 pars

107 1783 232 1854 subjecta
251 1782 342 1853 generi
353 1787 404 1848 est,
419 1797 479 1836 eam
500 1779 541 1835 sio
562 1778 704 1846 definiunt,
726 1788 756 1835 ut
773 1781 800 1835 id
821 1781 947 1836 decorum
969 1797 1031 1837 esse

105 1890 198 1959 veiint,
213 1889 284 1961 quod
298 1890 337 1944 ita
354 1896 457 1944 neturae
472 1896 685 1944 consentaneum
700 1889 780 1958 sit,ut
792 1890 819 1943 in
832 1907 864 1945 eo
879 1891 1030 1947 moderatio

103 2008 131 2058 et
145 2001 323 2074 temperentia
335 2009 465 2073 appareat
478 2017 538 2056 curn
552 2001 643 2074 specie
655 2000 771 2073 quadam
789 2000 903 2058 liberali.

136 2112 338 2168 xxv111.ttaee
355 2111 391 2166 ita
410 2110 522 2180 intelligi
541 2124 555 2164 o
576 2108 745 2182 philosophis
765 2125 908 2180 possumus
931 2112 1028 2166 existi-

103 2235 177 2275 mare
188 2235 220 2274 ex
235 2234 267 2275 eo
279 2219 387 2289 decoro,
402 2219 475 2291 quod
490 2228 577 2292 poete
588 2226 755 2292 sequuntur3
772 2221 806 2275 de
820 2237 873 2291 quo
885 2220 937 2276 atio
952 2221 1026 2277 loco¹

103 2331 179 2403 pluro
190 2327 243 2385 dici
258 2329 358 2386 solent.
374 2329 427 2386 Sed
447 2338 504 2385 tum
516 2345 624 2387 servare
638 2328 703 2385 iilud
719 2339 814 2402 poetes
827 2332 942 2388 dicimus
954 2335 1025 2405 quod

103 2573 161 2636 qu’i
174 2586 199 2619 ee
212 2569 345 2619 ooniondre
365 2570 432 2619 l’une
447 2585 504 2620 eveo
521 2571 619 2632 l'autre,
641 2579 749 2636 eriperet,
764 2586 858 2621 oomme
873 2572 916 2636 j'ai
931 2573 975 2630 dit.
990 2575 1026 2622 les

102 2674 239 2738 distinguer
251 2690 295 2739 per
305 2674 330 2723 le
341 2677 436 2739 pensee.

133 2779 155 2828 11
168 2794 212 2842 γε
228 2779 291 2827 deux
311 2789 387 2827 sortes
407 2780 435 2828 de
452 2781 594 2831 bienseenee
610 2804 615 2833 :
631 2783 696 2833 l'une
710 2787 831 2848 generate,
848 2786 889 2847 qui
904 2801 928 2832 se
939 2794 1025 2834 trouve

101 2884 161 2931 dene
179 2890 231 2930 tout
245 2896 272 2930 oe
287 2883 328 2945 qui
343 2890 378 2930 est
388 2882 507 2941 honnete;
522 2885 610 2933 I'autre
622 2888 783 2950 perticuliere,
802 2889 843 2952 qui
861 2890 997 2952 appartient
1010 2895 1025 2940 e

101 2986 194 3051 otiaque
212 2993 281 3036 verto
301 3003 330 3036 en
350 2988 499 3051 perticulier.
518 2990 553 3038 Le
573 2992 690 3053 premiere
710 3006 735 3039 ee
753 2992 838 3040 definit
853 2992 1024 3041 d'ordinoireit

101 3110 147 3159 peu
157 3096 210 3159 pree
220 3095 298 3143 tinet:
316 3094 352 3142 Le
367 3095 509 3143 bieneeance
521 3108 557 3144 est
575 3112 601 3145 oe
619 3100 660 3161 qui
677 3100 789 3147 convient
803 3100 981 3147 'el‘exoellence
994 3099 1023 3146 de

99 3199 224 3259 i’homme,
241 3198 302 3247 dene
311 3183 337 3247 ee
347 3202 387 3263 qui
398 3199 420 3249 te
430 3201 551 3266 distingne
568 3202 607 3250 des
619 3204 743 3252 enimaox.
756 3204 821 3252 Pour
834 3206 977 3262 lereoonde,
991 3221 1022 3254 ou

102 3307 219 3356 22definie
229 3322 259 3355 en
270 3307 405 3370 distentque
414 3308 473 3356 o'est
486 3325 519 3380 on
531 3313 622 3358 certain
638 3312 675 3359 eir
692 3311 720 3360 de
732 3313 843 3361 nobleese
853 3323 877 3363 et
889 3315 917 3362 de
930 3317 1022 3378 dignito

89 3415 144 3479 'qui
156 3415 246 3463 renuite
255 3413 283 3462 de
296 3415 321 3463 itt
332 3417 484 3481 temporanee
494 3424 517 3465 et
528 3417 556 3466 de
569 3419 595 3465 la
606 3418 756 3468 mode'retion
768 3422 923 3470 commende'o
940 3438 983 3484 par
998 3424 1022 3470 le

105 3529 201 3570 Milite·

133 3620 248 3671 xxvm.
261 3620 328 3670 Pour
339 3622 390 3670 voit
403 3638 449 3686 que
460 3638 486 3671 ce
501 3639 547 3686 que
566 3640 625 3673 noue
640 3641 728 3675 renone
740 3627 768 3675 de
779 3628 830 3676 dire
843 3639 879 3677 eet
893 3632 952 3686 troi,
965 3647 1022 3678 exo·

101 3728 196 3777 minens
213 3728 249 3776 les
261 3742 425 3777 oonvenenoee
440 3744 487 3791 que
506 3730 540 3777 lee
566 3734 645 3794 potitos
663 3735 741 3781 meme
762 3735 902 3793 observent3
919 3737 979 3784 meis
995 3753 1022 3785 ee

101 3837 163 3885 n'eet
173 3851 216 3900 pen
228 3837 260 3886 iei
271 3836 294 3886 le
306 3836 356 3885 lieu
370 3836 399 3884 de
412 3836 537 3885 e'e'tendre.
554 3838 575 3887 Il
588 3838 656 3887 suffit
665 3839 693 3887 de
705 3855 842 3905 remerquer
854 3859 900 3906 que
910 3860 970 3891 nous
982 3844 1019 3892 di-

104 3955 159 3990 none
170 3941 246 4006 qu'on
259 3944 326 4007 poete
336 3942 458 3993 nobeerrt
466 3944 501 3992 ies
511 3957 684 4002 conventum,
700 3946 810 4011 lorsqu’il
823 3964 837 3996 e
849 3949 893 3999 init
906 3951 984 4014 parler
998 3959 1021 3997 et
