2474 4694
154 772 208 833 lan
450 776 488 822 nu
508 772 627 821 orrucns
648 773 732 821 aunan
755 772 774 817 ι.

153 891 311 957 daemonius,
325 890 411 948 elassa
427 891 473 947 illa
487 893 597 959 amissa,
609 891 690 947 nliam
708 905 804 964 parare
822 905 919 963 posse,
938 889 1076 961 seiugata

153 990 213 1051 eine
224 1005 275 1045 suo
289 988 419 1047 dedecore
431 1006 485 1047 non
497 1006 589 1064 ponae.
605 993 696 1062 Atque
711 990 769 1045 baeo
780 989 891 1060 quidem
905 972 1076 1044 Lacedaemo

153 1087 205 1144 niis
218 1087 295 1163 plaga
314 1088 459 1145 mediocris
475 1089 542 1158 iuit3
559 1089 606 1145 itta
624 1086 767 1162 pestifera,
780 1101 852 1160 qua,
869 1101 954 1157 quum
974 1086 1077 1141 Cleom-

152 1183 273 1252 brotus',
288 1185 417 1241 invidiam
429 1185 536 1255 timens,
553 1195 725 1242 temereuum
738 1183 923 1257 Epaminonda
937 1182 1074 1238 conflixis-

151 1289 208 1350 net,
226 1281 491 1340 Lacedaemoniorum
513 1298 578 1354 opos
598 1292 767 1340 corruerunt.
792 1283 897 1351 Quanto
918 1280 951 1351 Q.
976 1280 1076 1336 Fabius

153 1380 296 1436 Maximus'
307 1379 470 1437 moliuoido
482 1396 537 1454 quo
550 1380 672 1436 Ennius:

246 1521 317 1569 Unus
328 1518 402 1569 homo
414 1518 485 1569 nobis
497 1516 637 1568 unncmndo
650 1515 758 1566 restituit
769 1529 836 1577 rem3

245 1600 300 1649 Non
311 1597 419 1662 ponebat
430 1598 498 1647 enim
511 1610 623 1647 rumores
634 1601 692 1645 aute
704 1595 819 1645 salutem.

244 1681 309 1742 Ergo
320 1686 425 1743 postque
437 1677 567 1740 magisque
578 1676 624 1725 viri
635 1689 703 1725 nunu
715 1675 793 1736 gloria
804 1673 888 1724 claret

188 1805 274 1862 XXV.
290 1804 368 1873 Quod
382 1821 467 1876 genus
478 1803 611 1878 peccandi
628 1804 769 1860 vitandum
787 1813 830 1861 est
848 1805 929 1860 etinm
945 1802 973 1857 in
995 1802 1077 1859 rebus

154 1901 272 1959 urbanis.
287 1903 356 1959 Sunt
369 1903 440 1959 enim
450 1904 496 1975 qui
511 1901 584 1975 quod
593 1902 782 1971 sentiunt,etsi
791 1901 921 1974 optimum
930 1901 974 1967 sit,
986 1906 1076 1956 tamen

153 1998 264 2058 invidiae
278 2007 351 2056 metu
361 2016 413 2056 nun
429 1998 530 2056 audent
542 2000 643 2057 dicere.

189 2098 307 2156 Omnino
322 2098 370 2172 qui
387 2097 545 2170 reipublicae
564 2097 703 2172 praeiutnri
717 2103 782 2152 sunt
801 2095 855 2152 duo
869 2096 989 2152 Platonis
1006 2111 1078 2167 prae·

153 2203 233 2269 cepta
247 2204 382 2254 teneant:
399 2212 494 2265 unum,
508 2203 537 2251 ut
556 2195 700 2252 utilitatem
713 2193 814 2250 civium
836 2193 877 2248 eiu
895 2199 1032 2261 tueantur,
1047 2199 1079 2246 ut

154 2309 334 2368 quaecumque
344 2301 430 2367 agunt
441 2294 474 2351 nd
489 2309 550 2351 eam
566 2293 695 2363 reserant,
708 2291 784 2348 obliti
798 2289 1000 2347 commodorum
1011 2306 1076 2346 suo·

155 2503 250 2554 tinnient
267 2510 330 2555 ootte
347 2502 423 2564 iiotte,
436 2504 468 2553 ilo
484 2511 603 2568 pourtont
620 2517 651 2551 en
669 2503 767 2564 equiper
782 2515 829 2549 une
842 2507 925 2556 autum
944 2500 1005 2548 mnis
1017 2501 1076 2564 moi,

152 2597 179 2660 je
190 2613 221 2645 ne
235 2598 289 2660 puin
299 2596 349 2645 iuir
363 2612 420 2645 eane
432 2611 470 2645 me
481 2596 636 2644 deshonorer.
649 2614 661 2639 ι
676 2593 698 2642 ll
714 2594 814 2642 esteroi
830 2609 877 2656 qne
891 2593 982 2642 l’toheo
992 2596 1078 2658 eaenye

156 2704 199 2753 per
213 2690 248 2737 len
260 2688 465 2738 Lucidimonienu
485 2703 516 2735 ne
535 2687 573 2735 sut
592 2702 636 2751 pao
647 2686 825 2745 considerablm
846 2687 906 2734 mein
925 2686 955 2734 ila
966 2697 1079 2751 reuurent

156 2797 189 2830 un
201 2796 263 2845 coup
274 2783 329 2831 bien
342 2782 397 2845 pluo
412 2780 613 2842 iuuentutemque
627 2779 787 2838 Cleombroto,
802 2794 863 2842 pour
883 2794 913 2826 ne
927 2794 969 2842 pne
987 2782 1037 2826 etro
1049 2794 1078 2827 en

156 2873 224 2921 butte
233 2876 248 2922 t
258 2876 282 2923 ln
292 2874 374 2933 haine,
386 2877 450 2924 livre
464 2874 565 2922 intuitio
576 2876 592 2921 'a
602 2859 794 2937 Itffpaminondao.
808 2874 843 2922 La
854 2875 982 2937 puissunee
992 2873 1021 2921 de
1030 2874 1077 2922 La·

156 2968 284 3018 daemone
303 2984 333 3017 en
354 2968 393 3017 fut
407 2969 499 3017 ruinte.
515 2968 633 3017 Combien
649 2969 687 3017 fut
699 2970 755 3032 plna
767 2968 842 3032 digne
861 2968 967 3032 d'elogen
982 2966 1006 3014 la
1022 2981 1079 3015 eon·

157 3059 223 3110 duite
235 3060 265 3110 de
277 3061 384 3122 Quintus
394 3061 526 3121 Maximus,
544 3061 572 3109 de
586 3061 628 3124 qui
643 3061 737 3109 Ennius
749 3077 764 3110 a
777 3062 814 3110 dit
829 3079 835 3108 z

281 3197 325 3239 Pur
335 3209 360 3239 aa
368 3208 422 3257 auge
432 3192 520 3239 lenteur
530 3193 547 3238 il
558 3192 631 3238 releva
643 3192 760 3254 l'empine3

281 3275 342 3318 Pour
351 3288 431 3319 aunver
443 3274 475 3320 ie·
486 3273 595 3320 Romaim
605 3273 622 3319 it
635 3272 724 3319 brannit
733 3274 792 3320 leurs
802 3272 917 3330 ditonum

280 3352 311 3398 Sa
321 3352 394 3416 gloinu
404 3354 464 3400 nunni
475 3356 566 3418 grandit
579 3365 603 3402 et
613 3355 718 3418 grandim
730 3355 843 3415 toujourt.

174 3480 271 3530 XXV.
290 3480 312 3530 11
329 3481 383 3529 snut
403 3483 478 3531 evitet
495 3499 534 3532 oen
554 3487 644 3532 mtmes
667 3484 745 3532 suntne
761 3480 1078 3540 dunnleteffuireaeiiiies3

157 3588 198 3623 our
210 3574 229 3623 il
247 3580 284 3622 ent
296 3573 338 3623 den
350 3573 459 3623 hommes
474 3575 524 3638 qui,
544 3592 605 3640 pour
617 3593 647 3626 ne
665 3592 708 3641 pau
721 3577 826 3626 a'attirer
844 3577 869 3625 ln
886 3575 968 3634 haine,
986 3575 1081 3624 n'osent

158 3680 200 3730 pet
212 3681 325 3730 proponat
336 3681 363 3715 ce
373 3667 415 3730 qui
427 3667 480 3715 leur
490 3668 580 3716 semble
591 3668 614 3717 le
623 3670 679 3731 plus
691 3669 761 3717 utile.

190 3756 262 3807 Enfln
277 3773 339 3808 oenx
361 3759 403 3822 qui
424 3760 521 3808 venient
540 3775 675 3823 gouverner
702 3760 800 3809 doivent
821 3761 933 3810 observor
955 3775 994 3809 oen
1016 3759 1080 3808 deux

158 3849 238 3915 aeglea
249 3849 278 3901 de
288 3851 375 3901 Platon
386 3866 394 3899 t
406 3851 482 3913 iuno,
493 3851 522 3900 de
534 3852 627 3902 n'euoir
636 3853 725 3918 jamnia
734 3867 764 3901 en
774 3867 821 3903 vue
832 3867 878 3915 que
889 3852 912 3901 le
921 3853 975 3900 bien
987 3852 1078 3916 publio,

160 3956 218 3991 nunu
230 3956 255 3990 u
266 3944 411 4007 prtooenpen
421 3942 450 3991 de
461 3943 515 3992 lum·
528 3950 649 4008 nuantuge
663 3943 820 4007 porticalium
844 3944 940 4002 Pontio,
961 3942 1083 3993 aunuum
