2364 4634
224 773 280 830 565
516 785 552 828 uu
573 781 693 827 orricns
714 780 798 827 uana
821 783 866 830 tu.

224 917 314 973 gnare.
336 909 362 954 rt
384 901 483 956 ltharae
501 901 593 956 vivere
612 901 698 957 otiooe
712 916 774 957 eum
788 903 971 972 parentibus,
991 922 1053 960 curn
1068 921 1140 959 urere.

223 1007 284 1046 cum
302 990 365 1045 silio.
383 990 472 1046 Ullum
486 999 513 1044 tu
527 991 609 1045 decus
618 990 645 1044 in
658 990 825 1061 quotidianis
836 992 975 1063 periculis
985 1003 1013 1049 et
1026 994 1142 1049 laboriluu

224 1096 284 1134 com
300 1079 492 1150 tranquillitate
506 1080 556 1133 lino
564 1079 757 1134 conterendum
770 1080 873 1151 putas?
883 1112 924 1123 —
934 1084 993 1153 Ego
1006 1100 1071 1139 vero
1081 1086 1142 1137 ¹etan

224 1170 445 1223 contemnendam
461 1177 488 1223 et
506 1167 701 1237 abjiciendam
723 1168 864 1238 quoniam,
882 1186 953 1242 quae
976 1172 1089 1228 honesta
1102 1188 1142 1225 non

223 1258 267 1325 sit,
289 1274 323 1312 ne
344 1258 436 1312 utilem
452 1256 562 1329 quidem
580 1273 642 1313 erae
664 1257 791 1313 arbitror.
812 1257 886 1327 Quid
909 1260 989 1316 enim
1004 1260 1143 1316 auditurum

224 1354 305 1417 putas
324 1347 406 1401 tuisse
424 1348 560 1417 Ulyssem,
579 1345 603 1401 si
622 1346 647 1400 in
666 1344 712 1402 illa
735 1346 910 1403 simulatione
928 1348 1144 1421 perseveraasrt?

223 1437 268 1504 qni
287 1452 368 1505 orrum
389 1435 519 1488 maritimae
537 1451 580 1489 res
597 1435 711 1505 gesserit
725 1435 751 1489 iu
769 1434 852 1501 betto,
868 1445 964 1492 tamen
981 1439 1042 1494 llaeo
1055 1439 1141 1495 audiuit

222 1524 256 1579 ab
272 1526 369 1595 Ajare:

331 1657 400 1719 cuju'
415 1657 483 1720 inae¹
496 1659 612 1721 princeps
624 1656 787 1720 iurisiurandi
799 1657 860 1718 luit,

331 1731 399 1788 Quod
411 1746 499 1781 omnes
508 1734 590 1792 aoitis,
602 1732 669 1782 aolus
678 1732 789 1793 neglexit
802 1730 887 1780 tidem.

331 1812 423 1857 Furore
434 1808 602 1872 assimulat'it3
619 1823 651 1859 no
664 1810 753 1867 coiret,
770 1808 871 1857 institit.

330 1883 398 1935 uuou
411 1884 436 1931 ni
450 1884 588 1933 Palamedis
602 1885 728 1948 perspicax
740 1883 873 1947 prudentia

330 1961 403 2007 lstius
415 1967 542 2021 percepset
557 1958 704 2008 malitiosam
717 1958 859 2020 audaciam,

331 2034 388 2084 Fido
400 2043 523 2084 sacratum
534 2035 576 2098 jus
589 2042 706 2099 perpetuo
719 2035 822 2085 tolleret.

223 2162 268 2215 lsti
283 2175 346 2213 voro
359 2176 412 2213 non
423 2159 502 2214 modo
513 2175 574 2213 cum
586 2158 720 2225 hostibus,
736 2175 828 2214 verum
841 2160 924 2217 etiam
939 2179 1006 2219 cum
1017 2164 1131 2221 fluctibus

222 2251 246 2304 id
263 2249 334 2319 quod
355 2249 423 2314 tec-it,
443 2247 573 2303 dimicare
594 2247 691 2317 melius¹
711 2247 764 2302 tuit
781 2264 863 2319 quarn
883 2250 1016 2309 deserere
1037 2270 1137 2309 eonsen-

222 2340 332 2394 tientem
347 2339 480 2395 Graeciam
491 2337 525 2393 ad
541 2337 641 2393 bellurn
650 2336 772 2392 barbaris
787 2337 974 2395 inferendum.
989 2343 1043 2399 Sed
1058 2343 1137 2397 dimit·

222 2619 267 2651 nno
287 2604 323 2649 rie
339 2602 469 2664 tranquille
489 2618 545 2649 aveo
561 2619 597 2650 aee
618 2611 724 2665 parents.
746 2619 773 2651 ea
789 2605 875 2653 semma
896 2614 921 2653 et
937 2622 985 2655 son
1000 2608 1057 2656 fila:
1071 2607 1138 2671 quelle

220 2684 298 2745 gleire
310 2682 397 2729 offrrnt
408 2683 469 2729 done
483 2683 517 2728 les
530 2692 633 2730 truvaux
643 2691 667 2730 et
678 2683 713 2730 lea
726 2684 797 2747 pdrila
806 2685 957 2745 jourualiera
973 2687 1005 2735 de
1015 2689 1041 2737 la
1053 2702 1136 2752 guerre.

220 2768 292 2824 qu'on
306 2761 385 2825 puieee
404 2777 528 2824 comparer
546 2778 602 2809 aveo
612 2778 661 2810 une
673 2763 728 2812 tella
739 2765 909 2827 tranquillitd?
921 2766 1007 2827 Quarrt
1023 2772 1039 2817 a
1055 2770 1107 2823 moi,
1117 2767 1137 2827 je

220 2844 331 2907 pretende
345 2847 435 2905 qn'une
452 2843 506 2890 telle
522 2843 670 2905 tranquillini
688 2859 718 2891 ne
736 2844 820 2892 merite
835 2860 882 2907 que
898 2842 922 2893 le
938 2851 1046 2912 maioris:
1062 2847 1137 2898 wll

220 2926 370 2971 momentote
383 2923 428 2970 elle
441 2925 502 2969 n'est
515 2938 557 2984 pne
568 2922 680 2975 lionudta.
693 2924 719 2986 je
735 2924 843 2972 n'estime
854 2929 933 2973 mttme
944 2943 989 2990 pas
1002 2931 1088 2991 qu’elia
1099 2928 1137 2976 soit

221 3006 286 3051 utile.
298 3004 351 3064 Qne
364 3004 513 3051 n’anrait·on
527 3019 568 3065 paa
582 3003 617 3050 dit
630 3003 750 3066 d'Ulyese.
763 3006 801 3052 a'il
812 3007 852 3051 aar
864 3007 965 3067 poroiatd
977 3011 994 3056 a
1005 3009 1137 3058 eontrefun

221 3086 340 3139 l'insenee'¹
356 3085 465 3145 pirisque,
479 3087 555 3129 nieme
568 3085 636 3146 apres
649 3093 726 3131 tontes
739 3086 773 3131 lea
789 3085 891 3148 grandes
905 3087 1003 3135 actious
1016 3092 1075 3153 qu‘il
1090 3089 1136 3137 fit'a

220 3167 244 3212 la
256 3182 350 3229 guerra.
360 3167 377 3211 it
388 3166 495 3210 entondit
508 3166 572 3226 Ajux
586 3166 619 3211 lui
631 3165 700 3211 diro:

312 3295 419 3340 L'auteur
430 3295 458 3338 de
469 3310 511 3338 nos
523 3303 640 3347 sermome,
653 3295 700 3338 seiri
712 3296 741 3339 do
753 3305 814 3345 tone.
827 3311 850 3339 se
861 3298 966 3354 parjnrm

312 3370 341 3412 Et
352 3368 453 3427 toiguunt
464 3384 510 3428 que
521 3370 552 3412 tes
563 3367 632 3412 dioux
644 3378 686 3412 out
696 3369 787 3413 troubii
798 3385 821 3412 au
834 3369 919 3423 raison,

313 3443 429 3488 Al'treoie
442 3445 471 3487 du
485 3443 565 3503 ἀέρθη
578 3460 601 3489 so
613 3444 683 3489 coclre
694 3461 722 3488 un
735 3460 758 3488 sa
772 3444 867 3490 maison.

311 3518 334 3561 Si
345 3518 436 3561 l’udroit
449 3518 695 3575 attonitaatnotita
707 3518 819 3573 lanifica,

311 3591 399 3636 lt‘lmn
411 3609 454 3636 aux
467 3609 524 3651 yona
538 3595 566 3638 do
578 3604 628 3638 tour
640 3594 712 3639 revolt}
723 3610 746 3637 aa
758 3593 849 3649 nuntiae,

312 3662 330 3707 tl
343 3662 445 3707 trulriroit
454 3680 536 3709 encirro
547 3675 569 3709 et
581 3667 602 3710 la
615 3666 687 3711 Gruca
698 3668 720 3710 et
730 3681 754 3709 aa
767 3664 806 3711 ioi.

218 3789 237 3837 Il
250 3789 318 3835 volut
327 3790 389 3836 dono
400 3791 481 3836 mieux
493 3806 553 3852 pour
567 3792 654 3852 Ulysso
665 3790 863 3839 non-eeulement
874 3794 1009 3841 combuttre
1019 3795 1135 3848 l'ennemi,

218 3873 280 3917 mais
290 3871 419 3932 s'exposen
432 3886 525 3917 comme
537 3871 555 3917 il
568 3871 603 3927 tit,
617 3873 632 3918 a
645 3873 670 3919 la
685 3889 742 3934 ruge
758 3870 798 3919 dea
817 3873 880 3924 flota.
897 3888 944 3936 que
959 3874 1137 3923 d’abandonnar

218 3954 243 4001 la
256 3953 333 4002 Graec
349 3954 463 4015 oonjurde
477 3963 559 4001 contre
575 3955 609 4002 lea
625 3956 747 4003 barbarea.
770 3957 831 4004 linia
849 3958 953 4006 laiasoua
971 3961 997 4006 lia
1014 3962 1049 4008 lea
1066 3961 1136 4008 sabla·
