2474 4694
115 701 171 759 utu
408 710 447 756 ou
466 708 589 757 orrrcns
610 710 692 759 uasa
714 712 737 758 r.

113 823 281 895 repudianda
294 830 355 892 eat;
369 824 574 897 optandumque
588 833 619 880 ut
634 825 653 881 ii
665 825 711 896 qui
725 831 847 898 praesunt
860 824 1033 897 reipublioae,

113 925 201 998 legum
214 924 317 980 similes
335 926 402 996 sint,
417 941 480 998 quae
497 925 530 982 ad
551 926 715 1000 puniendum
740 943 792 982 non
816 925 971 995 iracundia,
988 929 1033 985 sed

111 1031 241 1102 aequitate
256 1027 403 1084 ducuntur.

146 1129 243 1185 XXVI.
259 1130 345 1200 dique
359 1129 454 1197 etiam,
468 1129 496 1185 in
521 1129 602 1186 rebus
616 1128 755 1202 prosperis
771 1135 799 1184 et
813 1130 847 1186 ad
867 1129 1032 1188 voluntatem

113 1239 230 1288 nostram
252 1232 414 1300 fluentibus,
437 1232 616 1304 superbiam,
633 1231 772 1288 fastidium
798 1234 1033 1307 arrogantiamque

111 1349 272 1407 magnopere
287 1333 432 1406 fugiamus.
443 1334 513 1389 Nam
527 1342 557 1389 ut
568 1335 698 1389 adversas
709 1350 763 1402 res,
780 1336 821 1391 sio
834 1337 969 1392 secundas
980 1337 1031 1391 im-

110 1435 247 1492 moderate
257 1434 328 1492 serre
342 1436 461 1491 levitatis
477 1441 536 1502 est3
551 1433 736 1507 praeclaraque
756 1442 798 1490 est
816 1437 989 1507 aequabiiitns
1003 1440 1030 1492 in

108 1536 181 1595 omui
195 1537 261 1602 rita,
276 1543 304 1592 et
317 1536 388 1592 idem
399 1552 508 1608 semper
518 1533 620 1601 vuitus,
633 1534 782 1606 eademque
796 1537 878 1604 frons,
890 1545 921 1592 ut
934 1538 968 1593 de
982 1541 1029 1594 So-

108 1647 196 1707 crate,
210 1640 326 1711 itemque
341 1640 375 1694 de
393 1639 423 1693 C.
442 1637 539 1694 totio·
556 1638 719 1707 accepimus.
738 1635 890 1710 Philippum
903 1639 1030 1708 quidem,

108 1739 283 1796 Macedonum
297 1753 401 1809 regem,
418 1737 499 1793 rebus
518 1736 604 1807 gestis
618 1744 645 1792 et
659 1736 744 1807 gioria
757 1744 913 1810 superatum
928 1754 943 1792 a
958 1738 1027 1807 filio,

109 1839 237 1894 ieoilitate
252 1846 280 1894 et
292 1837 458 1892 humanitate
472 1835 550 1892 video
564 1838 731 1909 superiorem
745 1838 838 1894 tuisse.
852 1840 948 1911 ltaque
960 1839 1030 1894 aiter

106 1957 211 2014 semper
224 1956 349 2014 magnus,
365 1940 434 1996 aiter
447 1954 521 2012 saepe
535 1939 708 2013 turpissimus
721 1942 785 2010 init,
802 1949 833 1996 ut
845 1949 919 1997 reete
930 1943 1028 2015 praeoi-

107 2057 172 2114 pero
184 2040 337 2108 uideantur,
345 2041 391 2114 qui
401 2047 512 2095 monent
520 2046 558 2110 ut,
567 2048 670 2112 quanto
682 2045 834 2114 superiores
848 2042 941 2110 simus,
953 2050 1029 2099 tanto

105 2141 267 2199 submissius
280 2157 329 2197 uos
340 2156 474 2213 geramus.
494 2142 629 2199 Panaetius
640 2141 749 2214 quidem
763 2143 916 2199 auditorem
928 2142 1029 2200 Africa-

105 2407 135 2458 de
144 2406 171 2458 ls
182 2414 278 2459 usturs.
289 2408 371 2459 certas
381 2407 428 2457 sile
439 2408 502 2456 n’est
509 2406 600 2470 jsmsis
618 2406 728 2470 permise,
744 2412 769 2454 et
784 2406 802 2454 il
820 2406 894 2454 serait
911 2401 1027 2456 sdtsirer

104 2520 220 2568 qneeeux
233 2503 275 2568 qui
288 2512 440 2569 goursrnent
453 2505 479 2554 ls
496 2506 639 2569 republiqus
653 2505 744 2552 fussent
760 2518 853 2552 comme
866 2504 900 2551 les
912 2505 967 2562 lois,
983 2506 1025 2567 qui

104 2603 229 2665 punissent
239 2618 287 2650 non
297 2617 342 2665 par
352 2603 439 2661 sotere,
449 2602 511 2649 mais
521 2617 564 2665 par
569 2602 666 2664 justise.

136 2697 228 2746 XXVI.
242 2697 331 2758 Quand
347 2697 373 2745 la
389 2696 485 2747 fortune
497 2713 559 2745 nous
573 2697 653 2745 sourit
670 2703 752 2759 etque
765 2702 818 2744 tout
831 2711 895 2744 nous
913 2697 1025 2745 rdossitb

103 2793 208 2850 roubais,
221 2795 279 2842 o'eat
290 2795 354 2843 siors
366 2811 413 2857 que
429 2810 492 2843 nous
510 2795 599 2842 deuons
611 2793 679 2842 avoir
695 2794 716 2840 le
730 2793 784 2855 pius
802 2793 830 2841 de
845 2795 898 2842 sein
917 2793 945 2841 ds
963 2810 1025 2843 nous

103 2890 214 2939 ddiendrs
239 2890 268 2938 do
287 2892 409 2954 l'orgueil,
428 2890 461 2938 dn
485 2890 571 2939 dedain
590 2897 614 2938 et
636 2889 665 2937 de
685 2890 1025 2954 l'arroganee.Csrilya1a

102 2990 179 3035 meme
188 2988 297 3050 petitesse
307 2988 407 3051 d'esprit
418 2989 432 3034 's
442 3003 472 3035 oe
482 2989 561 3035 sauoir
573 3002 616 3050 psa
628 2993 709 3050 portsr
717 2986 830 3036 labonne
843 2988 939 3037 fortune
951 3006 981 3037 ou
999 2991 1024 3037 ln

102 3087 238 3144 msuvsis03
251 3087 302 3135 rien
318 3087 379 3135 n'est
400 3088 455 3150 plus
474 3088 535 3134 beau
554 3101 600 3149 que
618 3087 648 3135 do
669 3102 796 3136 conserver
810 3089 870 3137 dans
891 3097 970 3138 tontes
989 3091 1023 3138 los

101 3182 231 3230 situations
240 3183 269 3231 de
281 3184 305 3231 ln
316 3186 353 3231 uie
363 3199 410 3231 nne
421 3187 473 3232 ime
484 3184 593 3246 toujours
603 3185 681 3246 egula,
693 3200 725 3232 un
734 3184 801 3232 ironi
809 3186 921 3248 toujours
933 3186 1020 3247 sanein,

101 3286 244 3326 commeont
254 3278 306 3337 snit,
317 3280 409 3339 dit-on,
418 3281 516 3329 Soorste
525 3280 645 3328 etLdlius.
657 3280 776 3344 Philippa,
784 3282 820 3329 roi
832 3282 861 3330 de
871 3282 1020 3339 Macedoins,

100 3376 161 3424 aete
173 3379 285 3438 surpasse
297 3391 340 3439 par
354 3392 396 3424 son
410 3377 458 3436 fils,
473 3392 502 3424 en
512 3378 590 3441 gloire
602 3384 625 3425 et
640 3393 669 3426 en
681 3377 785 3441 exploits
799 3379 941 3437 militnires3
960 3381 1021 3428 mais

100 3471 118 3519 it
136 3472 199 3519 sete
214 3471 269 3518 bien
283 3471 411 3520 nudemus
428 3472 457 3521 de
471 3473 506 3521 lui
521 3490 564 3537 pnr
576 3474 720 3523 l'humanitd
733 3482 756 3523 et
771 3476 795 3524 is
808 3475 922 3525 doucenr.
936 3478 1017 3535 Aussi,
1037 3484 1042 3494 ¹

101 3566 151 3615 i'nu
165 3581 179 3615 a
193 3567 304 3630 toujours
315 3568 352 3615 έῐό
364 3568 452 3633 grand,
468 3570 556 3617 i'autre
568 3571 623 3618 s'est
636 3571 708 3619 isissd
719 3573 774 3634 plns
792 3572 864 3620 d'une
877 3573 922 3621 sois
935 3573 993 3620 aller
1006 3575 1020 3620 i

100 3661 142 3710 des
154 3662 238 3711 oboses
249 3663 387 3714 hortenses.
401 3666 460 3714 Rieu
474 3666 536 3714 dono
549 3667 611 3715 n'est
621 3668 676 3731 pius
690 3683 747 3731 sago
757 3683 803 3731 quo
812 3677 873 3718 oette
885 3670 960 3732 regie,
974 3684 1020 3731 que

99 3760 154 3824 plus
166 3776 227 3810 nous
237 3777 340 3810 somnies
351 3763 436 3823 eleves,
450 3765 505 3826 plus
517 3780 578 3813 nous
594 3765 682 3813 darona
694 3772 780 3814 mettre
795 3766 823 3814 de
833 3767 948 3815 modestia
958 3767 1019 3815 dans

100 3863 169 3907 notra
179 3856 301 3908 oouduita.
313 3859 426 3910 Paneiius
435 3869 545 3925 rapporto
554 3869 615 3913 oette
625 3863 802 3926 compsraison,
816 3864 873 3913 suite
882 3864 937 3928 plus
947 3864 1020 3912 d'uno
