2474 4694
208 758 263 815 106
493 754 495 758 ⁴
514 754 550 799 DE
571 755 688 801 Officiis
708 755 791 800 LIBER
812 758 831 803 Ι.

208 869 355 942 simplices,
370 870 493 926 veritatis
506 872 607 927 amicos
618 872 783 942 minimeque
792 870 900 927 fallaces
914 886 975 927 esse
989 870 1127 938 volumus,

209 988 271 1044 quae
284 979 347 1027 sunt
360 987 393 1026 ex
404 971 494 1027 media
505 971 586 1028 laude
593 973 715 1043 justitiae.
726 971 777 1029 Sed
787 972 852 1027 iilud
863 971 984 1027 odiosum
999 978 1050 1039 est,
1058 970 1130 1043 quod

209 1076 234 1131 in
249 1076 300 1132 hae
311 1076 428 1133 elatione
442 1082 468 1131 et
487 1077 675 1148 magnitudino
692 1078 774 1133 animi
795 1077 922 1133 facillime
940 1077 1089 1150 pertinacia
1105 1085 1132 1131 ct

208 1180 289 1236 nimia
304 1179 438 1251 cupiditas
450 1179 618 1253 principatus
630 1180 791 1235 innascitur.
808 1179 842 1236 Ut
859 1180 930 1234 enim
945 1178 1016 1251 apud
1037 1179 1131 1234 Plato-

208 1296 269 1337 nem
282 1289 324 1336 est
332 1283 351 1349 ¹,
361 1297 468 1337 omnem
479 1296 580 1336 morem
591 1282 853 1338 Lacedaemoniorum
864 1280 1058 1335 inflammatum
1069 1297 1131 1335 esse

208 1382 355 1454 cupiditate
366 1382 501 1450 vincendi,
515 1382 564 1448 sio,
578 1389 609 1435 ut
621 1382 736 1453 quisque
747 1383 829 1436 animi
840 1381 1026 1453 magnitudine
1042 1382 1130 1435 maxi-

208 1502 251 1541 me
269 1484 386 1551 excellit,
405 1485 442 1539 ita
463 1485 579 1541 maxime
597 1486 655 1539 vuit
674 1486 800 1557 priuceps
823 1485 954 1552 omnium,
971 1482 1016 1538 vel
1041 1484 1131 1554 potius

208 1587 283 1644 sotus
294 1603 364 1642 esso.
378 1584 492 1641 Difficile
504 1592 595 1641 autem
610 1594 661 1653 est,
679 1603 760 1657 quum
776 1593 909 1659 praestare
923 1585 1049 1641 omnibus
1062 1600 1130 1639 con·

207 1686 337 1757 cupieris,
351 1702 461 1741 seruare
481 1686 655 1757 aequitatem,
672 1702 734 1758 quae
747 1694 789 1741 est
799 1686 913 1756 justitiae
929 1685 1046 1738 maxime
1066 1700 1130 1755 pro·

207 1788 275 1860 pria.
285 1789 324 1842 Ex
334 1802 389 1858 quo
402 1785 432 1840 fit
445 1793 475 1839 ut
493 1802 580 1856 neque
593 1785 792 1858 disceptatione
810 1787 883 1842 vinci
897 1802 927 1842 se
945 1801 995 1841 nec
1010 1785 1064 1840 uilo
1077 1802 1129 1856 pu-

206 1889 276 1944 blico
289 1904 322 1943 ac
340 1886 460 1957 legitimo
475 1887 537 1958 jure
560 1887 718 1958 patiantur3
734 1888 923 1959 exsistuntque
945 1886 972 1941 in
990 1885 1128 1956 republica

206 1988 364 2061 pierumque
377 1986 518 2059 largitores
531 1994 558 2042 et
572 1987 688 2053 factiosi,
703 1994 732 2041 ut
746 2002 811 2059 opes
826 2004 906 2059 quam
923 1984 1053 2041 maximas
1065 2001 1131 2040 con-

206 2097 364 2163 sequantur,
378 2096 406 2146 et
421 2089 477 2145 sint
496 2091 521 2145 vi
536 2089 627 2161 potius
645 2090 800 2162 superiores
814 2105 895 2161 quam
913 2089 1018 2159 justitia
1039 2104 1129 2159 pares.

206 2188 258 2243 Sed
272 2203 327 2259 quo
340 2185 486 2256 difficilius,
502 2186 553 2242 hoo
564 2186 732 2258 praeclarius.
748 2185 856 2242 Nullum
874 2189 946 2241 enim
962 2192 1005 2240 est
1023 2192 1130 2256 tempus

205 2285 278 2359 quod
289 2285 393 2357 justitia
405 2301 502 2341 vacare
513 2285 620 2342 debeat.
638 2288 733 2342 Fortes
747 2285 828 2356 igitur
842 2292 870 2339 et
886 2284 1049 2355 magnanimi
1065 2291 1130 2337 sunt

205 2497 318 2558 sinceres,
331 2498 393 2545 amis
405 2496 434 2545 de
446 2496 471 2544 le
486 2497 561 2544 verite
580 2504 604 2545 et
620 2498 758 2562 incapnbles
774 2501 803 2548 de
815 2508 933 2565 tromper,
953 2511 976 2549 et
994 2509 1072 2550 toutee
1090 2518 1129 2549 ces

205 2585 309 2647 qualiter
326 2595 381 2634 sont
399 2585 471 2633 celles
490 2584 520 2632 de
531 2585 647 2635 l‘homme
656 2588 731 2650 juste.
747 2590 809 2637 Mais
826 2591 845 2639 il
861 2599 897 2638 est
916 2590 983 2639 triste
1001 2591 1057 2652 qu'i
1067 2601 1129 2638 cetto

205 2674 323 2722 e'ldrstion
342 2682 366 2721 et
384 2675 474 2721 scetes
491 2674 614 2737 grandeur
631 2676 718 2733 d’dme,
734 2678 848 2726 viennent
861 2681 881 2726 si
894 2686 995 2727 sourent
1013 2694 1037 2726 se
1053 2678 1128 2726 melec

205 2761 370 2810 l’obstinrttiou
382 2771 406 2809 et
417 2762 439 2809 le
451 2762 514 2809 desit
526 2761 614 2811 effrene
634 2764 663 2809 de
677 2765 701 2811 la
712 2767 864 2827 snprsmatie.
879 2765 918 2825 Et,
934 2781 1027 2813 comme
1040 2765 1127 2812 Platon

205 2848 265 2897 edit
282 2865 327 2912 que
340 2859 404 2896 toute
416 2847 440 2894 lu
454 2849 612 2896 constitution
628 2849 657 2896 de
673 2851 837 2902 Laeddemone
855 2855 969 2918 respiruit
981 2853 1087 2901 l'ardeur
1099 2854 1128 2902 de

207 2937 312 2995 rainere,
329 2953 390 2986 nous
408 2951 500 2998 royons
517 2951 564 2999 que
579 2937 666 2984 i’envie
684 2939 713 2986 de
725 2939 835 2989 dominer
856 2951 911 2989 tous
932 2945 967 2989 les
988 2954 1080 3001 autres,
1095 2958 1127 2989 ou

205 3020 285 3083 plutfrt
295 3020 324 3068 de
335 3021 445 3068 dominer
459 3021 518 3077 seul,
533 3028 569 3068 est
585 3037 632 3070 uae
644 3024 705 3072 suite
721 3032 774 3089 trop
790 3026 910 3074 ordinaire
922 3026 950 3074 de
961 3027 985 3073 la
1005 3026 1128 3089 gruudeur

206 3107 291 3155 d’fime.
306 3107 349 3165 Or,
364 3107 405 3155 des
417 3122 463 3170 quc
482 3108 531 3154 l’on
551 3117 607 3154 aeut
621 3110 719 3158 s'e'lerer
737 3112 864 3160 au-deesus
885 3113 925 3160 des
941 3122 1032 3170 autres,
1051 3113 1069 3159 il
1090 3121 1126 3159 est

206 3194 305 3243 difficile
316 3196 344 3243 ds
360 3204 478 3260 respectet
491 3204 552 3245 cette
562 3199 650 3260 equite,
673 3201 714 3262 qui
733 3209 767 3248 est
783 3203 805 3249 le
827 3204 947 3249 caractere
960 3215 1044 3264 propre
1062 3199 1091 3246 de
1103 3201 1127 3246 iu

204 3283 301 3345 justice.
317 3286 399 3343 Aussi,
414 3287 449 3333 les
461 3287 594 3334 ambitieux
606 3304 636 3335 nc
646 3291 842 3339 ssuraient-ilsni
857 3291 926 3339 ceder
938 3306 981 3338 sur
994 3305 1088 3336 sucurre
1098 3291 1126 3335 dc

205 3376 271 3424 leurs
288 3378 444 3439 pre'tentions,
461 3377 486 3424 ni
500 3392 525 3424 se
537 3376 621 3424 lsisser
640 3378 750 3426 contenir
768 3394 811 3441 par
829 3379 952 3426 l'sutorite
970 3378 1084 3441 publique
1103 3383 1126 3423 et

204 3465 320 3528 legitime.
340 3463 378 3514 On
394 3465 444 3512 voit
461 3479 486 3512 ee
503 3463 660 3527 produireau
674 3466 778 3514 scindes
793 3467 997 3530 republiquesoes
1017 3466 1126 3512 hommes

204 3551 246 3613 qui
260 3550 405 3613 prodiguent
415 3552 450 3599 les
463 3552 589 3615 largesses,
605 3562 629 3601 et
643 3553 748 3602 forment
761 3554 801 3602 des
818 3554 922 3602 suctione
933 3570 995 3617 pour
1009 3554 1125 3617 agraudir

205 3635 257 3683 leur
269 3636 369 3698 pouroir
380 3646 404 3683 et
419 3635 528 3684 dominer
550 3654 593 3699 pur
605 3639 629 3684 la
643 3638 715 3696 force,
733 3640 812 3701 pluras
824 3655 869 3701 que
889 3639 918 3686 de
932 3649 1008 3688 rester
1018 3643 1097 3701 egnux
1111 3641 1125 3685 iu

204 3726 269 3773 leurs
279 3726 442 3788 concitoyens,
456 3725 521 3773 selon
531 3725 556 3771 lu
565 3726 663 3786 justice.
677 3727 739 3774 Mais
749 3729 804 3790 plur
817 3729 841 3774 lu
852 3728 1001 3775 mode'rntiou
1010 3735 1046 3775 est
1057 3727 1124 3774 diffi-

204 3813 260 3872 cile,
276 3813 331 3875 plus
342 3814 389 3862 elle
409 3822 444 3861 est
459 3814 587 3877 giorieuse,
605 3830 645 3862 car
661 3817 677 3862 il
694 3817 736 3877 u'y
758 3831 772 3862 a
790 3815 850 3862 duris
873 3816 898 3862 is
920 3816 957 3862 vie
970 3831 1063 3862 aucune
1079 3815 1124 3861 cir·

204 3908 332 3948 constance
343 3902 375 3949 ott
387 3902 410 3948 la
419 3900 509 3962 justice
520 3916 551 3950 ne
562 3901 630 3949 deire
639 3905 688 3950 etro
700 3902 795 3965 gardee.
809 3903 906 3951 Tenens
917 3903 980 3952 douc
992 3920 1052 3966 pour
1063 3904 1125 3952 forts
