2474 4694
360 800 413 845 uas
434 801 566 856 narolus,
596 803 679 849 uvea
702 804 733 850 n.
947 806 1003 863 ³39

86 917 171 966 <labent
183 925 291 982 apecture
303 936 393 983 magna
468 922 565 969 dotveut
577 921 692 986 regarder
702 923 731 971 de
740 925 844 988 gruudea
854 924 938 973 eheaee

85 993 109 1033 et
118 985 261 1034 contendere
273 987 306 1034 ad
318 1002 346 1035 ea
467 997 492 1035 et
503 988 586 1036 teudre
596 1004 650 1037 vera
661 989 720 1037 ellea

86 1051 173 1100 etudiie
187 1054 273 1111 reetie3
468 1069 525 1102 aree
535 1069 584 1103 uuo
594 1054 741 1118 applieatiou
753 1055 840 1116 droiter

86 1118 150 1180 quod
162 1117 251 1167 ferient
468 1134 494 1168 ee
506 1122 578 1183 qu'ila
589 1122 670 1170 ferent

85 1185 327 1245 animoeofirmiore,
469 1186 603 1236 d’uuebme
617 1188 791 1252 d'autautplua
804 1190 884 1249 ferme,

85 1253 143 1314 quie
157 1267 205 1300 nen
222 1253 294 1300 modo
468 1269 538 1316 peroe
550 1270 597 1318 que
607 1256 798 1304 neu-aeulemeut

86 1333 134 1365 nou
150 1318 272 1367 inridetur
467 1335 498 1368 on
515 1321 609 1369 n’eurie
620 1336 663 1385 par

86 1384 122 1432 illi
135 1385 210 1439 artati.
467 1396 505 1434 oet
515 1389 606 1451 fige-lb.

86 1466 168 1499 verum
183 1454 254 1500 etiam
267 1452 369 1500 favetur.
468 1456 529 1501 mnia
538 1456 616 1502 meme
625 1469 657 1503 ou
669 1459 690 1503 le
700 1454 811 1503 saveriae.
839 1484 842 1488 ·

85 1517 169 1565 Prima
179 1519 257 1582 igitur
263 1518 440 1567 commendatio
468 1519 537 1569 Dono
545 1521 571 1569 la
580 1522 698 1584 premiere
708 1520 930 1570 reoomtuuurlatleu

85 1583 117 1631 ad
129 1586 234 1648 gloriam
468 1602 529 1649 pour
540 1587 566 1634 le
575 1587 652 1651 gleire

84 1658 123 1698 eet
136 1651 291 1710 adoleseeuti,
466 1664 502 1701 eat
514 1656 529 1700 b
540 1669 572 1700 uu
588 1653 781 1717 jaune-hemme.

85 1717 397 1834 llqlllssbflllllm‘*
467 1720 886 1849 llltlllttffllss‘tszllt

313 1820 319 1843 r
749 1812 758 1822 “
786 1813 798 1823 ·
892 1805 899 1845 3

86 1851 112 1898 iu
127 1866 175 1913 qua
187 1853 259 1900 multi
468 1851 530 1900 dana
540 1853 644 1916 laquelle
656 1853 686 1901 de
694 1854 829 1901 nembraux

85 1917 230 1967 exstiterunt
466 1933 491 1966 ae
503 1927 558 1967 aeut
568 1920 646 1967 elever

85 1984 149 2046 apud
161 1993 255 2033 noetree
266 1984 369 2048 majorae
381 2001 387 2031 ε
466 1984 524 2033 ohea
536 2000 579 2033 nee
592 1988 713 2034 uuebtreu

86 2050 135 2098 fere
143 2053 206 2099 euim
217 2066 310 2114 eemper
465 2064 496 2100 eu
508 2051 564 2100 effet
573 2067 674 2115 preeque
686 2051 796 2114 roujoun

87 2117 152 2164 belle
163 2119 317 2182 gerebantur.
468 2118 509 2165 dee
521 2133 621 2181 guerrae
632 2133 657 2166 ae
670 2118 788 2167 releuant.

85 2183 229 2232 Tuaautem
239 2194 299 2233 etue
467 2183 502 2234 Or
514 2193 555 2232 tou
568 2188 614 2249 age

85 2248 170 2299 incidit
180 2252 205 2299 iu
218 2251 243 2299 id
252 2251 352 2307 bellum,
466 2260 503 2298 eet
515 2252 595 2300 tumbe
607 2266 650 2299 aur
660 2258 722 2299 eette
735 2265 831 2315 guerre,

85 2316 156 2378 cujus
167 2318 244 2366 altera
254 2333 309 2380 pare
467 2317 497 2364 de
511 2318 615 2380 laquelle
625 2333 659 2365 uu
671 2319 724 2365 oete

85 2382 172 2430 habuit
185 2385 288 2431 nimium
300 2382 405 2442 sceleris,
467 2398 520 2431 eeu
530 2392 585 2446 trop
594 2383 623 2431 de
633 2384 717 2439 urimo,

85 2450 163 2497 ultera
175 2466 260 2513 parum
274 2449 404 2498 felicitatie.
467 2451 554 2498 l'autre
566 2460 675 2513 troppau
687 2449 716 2496 de
727 2446 846 2497 bouheur.

85 2515 113 2563 Iu
125 2531 173 2579 quo
184 2517 248 2564 belle
259 2526 352 2573 tamen,
466 2515 534 2564 Deua
545 2516 650 2577 laquelle
661 2529 749 2578 guerra
760 2513 901 2577 rependent,

85 2597 160 2644 quum
173 2582 302 2645 Pompeius
466 2582 562 2644 luraque
570 2580 675 2645 Pompee

85 2659 108 2696 te
119 2648 264 2712 prefecisset
465 2649 525 2696 t'eut
539 2648 703 2696 mieefletete

85 2715 154 2763 elteri
165 2716 219 2772 alae,
466 2714 495 2762 de
506 2714 691 2763 l'uu-‹lea-deux
700 2712 949 2777 corpe-doaaralerle,

85 2783 262 2844 consequebare
468 2789 495 2829 tu
509 2782 618 2829 obteuala

85 2863 199 2911 maguam
212 2848 307 2896 laudem
468 2863 516 2896 une
525 2847 617 2913 greude
631 2847 737 2911 leuauge

85 2916 302 2962 etaviroeummo
466 2915 528 2962 etde
540 2923 573 2962 ert
587 2913 802 2963 bemmeemiueut

85 2988 109 3028 et
118 2981 149 3028 ab
157 2983 263 3029 exercitu
467 2988 491 3028 et
502 2981 532 3029 de
544 2982 641 3029 l'armea

85 3048 224 3109 equitando,
232 3045 372 3109 jaculando.
467 3062 497 3094 eu
508 3046 713 3103 allant-b-eberal¹
726 3044 1008 3108 euluupeut-lojmlss

87 3114 260 3176 tolerandaque
270 3115 353 3162 omnia
468 3124 492 3162 et
503 3129 533 3162 eu
543 3120 687 3178 supportent
697 3122 752 3162 tout

85 3180 167 3228 labore
181 3180 290 3228 militari.
468 3196 512 3243 par
528 3197 561 3228 uu
573 3181 661 3229 trurail
672 3180 797 3228 militaira.

86 3250 165 3308 Atque
174 3261 202 3294 ea
211 3248 307 3309 quidem
318 3248 372 3294 leue
383 3253 425 3293 tue
469 3247 499 3295 Et
508 3250 524 3294 b
533 3248 558 3295 la
566 3248 641 3295 verite
650 3254 711 3295 oette
722 3246 801 3310 gleire
813 3243 895 3293 tienne

86 3313 171 3360 cecidit
181 3314 272 3375 pariter
469 3323 505 3362 eat
514 3315 608 3362 tembe'e
616 3310 827 3378 purelllemeutleu
836 3312 914 3359 mue
923 3310 1011 3373 tempe)

86 3394 142 3426 oum
153 3381 287 3440 republieu.
469 3395 526 3428 aree
537 3381 562 3428 la
572 3380 723 3443 republique.

87 3445 145 3493 Haeo
156 3455 236 3494 autem
247 3449 325 3495 oratio
468 3447 531 3494 Maia
541 3462 569 3495 oe
580 3447 689 3496 dieeoura

86 3520 197 3574 euaeapta
208 3523 245 3562 eet
254 3514 315 3561 mihi
468 3530 483 3561 e
494 3515 531 3561 etl
539 3515 656 3576 entrepria
668 3516 683 3560 b
695 3513 757 3576 (pur)
768 3512 817 3559 moi

87 3593 136 3625 nou
149 3578 178 3625 de
189 3586 220 3634 te,
469 3595 518 3627 nou
529 3595 571 3629 eur
588 3582 631 3636 toi,

87 3644 165 3692 redde
177 3659 264 3708 genere
277 3652 336 3693 teto.
468 3646 529 3694 maia
540 3662 583 3694 aur
593 3648 692 3711 1’eepeoe
703 3649 810 3694 Μαίη
823 3641 986 3693 tout-entiere.

87 3710 249 3770 Quamobrem
260 3728 388 3775 pergamus
468 3713 664 3776 C'eat·pourquoi
676 3713 837 3776 pourauirena

87 3778 116 3824 ad
130 3792 220 3841 eaquae
230 3788 328 3826 restem.
469 3793 570 3827 reraeea
582 3780 637 3841 (lea)
648 3780 732 3827 ehoaee
743 3779 784 3840 qul
795 3784 893 3826 reeteut.

120 3843 154 3892 Ut
164 3844 241 3908 igitur
503 3845 760 3909 Domum-quedem

87 3911 113 3958 lu
123 3911 221 3973 reliquia
234 3914 302 3960 rebus
470 3911 531 3959 daur
544 3915 764 3961 tentes-lea-eutree
773 3911 857 3959 choree

88 3992 160 4038 opera
174 3979 249 4026 animi
469 3980 504 4027 lee
513 3994 606 4029 (euvrea
616 3979 645 4027 de
654 3980 725 4028 l'lure
