2364 4634
291 17 311 45 Ι

10 17 860 325 u

345 719 398 766 MS
417 718 549 771 butorus,
571 718 656 763 titus
678 720 708 764 ll.

96 837 148 887 XV.
163 836 219 891 Sed,
233 836 317 883 officii«

63 903 250 951 adolescentium

63 986 117 1032 qnae
132 971 229 1016 valeant

62 1037 93 1083 nd
103 1035 281 1098 adipiscendam
296 1036 399 1097 glorian

63 1104 189 1165 expositis,

63 1170 190 1216 dicendum
202 1178 239 1216 eat
249 1166 358 1230 deinceps

63 1236 91 1282 de
100 1235 257 1282 beneficentia

62 1317 90 1348 ac
104 1303 259 1349 liberalitate.

62 1369 137 1430 Cujus
150 1369 211 1415 ratio
222 1376 258 1415 est
268 1366 365 1429 duplex.

61 1434 125 1482 Nam
138 1434 165 1481 fit
180 1434 285 1497 benigne

62 1501 228 1564 indigentibus

61 1578 104 1614 aut
114 1582 196 1630 opera.
211 1573 253 1614 aut
263 1568 375 1629 pecunia.

61 1635 120 1681 Haeo
137 1634 252 1697 posterior

61 1709 97 1748 eat
107 1700 212 1757 facilior,

62 1768 194 1828 praesrtim
205 1766 318 1827 locupleti
330 1785 336 1821 ;

61 1835 101 1881 aed
115 1835 158 1880 illa
170 1832 261 1880 lautior

61 1916 89 1947 ao
100 1899 258 1962 splendidior,

60 1974 84 2014 et
96 1966 193 2027 dignior
203 1966 255 2012 viro
268 1965 323 2013 sorti

61 2034 183 2094 claroque.

59 2099 204 2161 Quanquam
220 2099 284 2146 enirn

60 2168 173 2214 voluntas
185 2164 293 2212 liberalia

60 2231 216 2295 gratificandi

60 2299 123 2346 inest
136 2299 282 2360 inutraque,

60 2373 141 2412 tamen
157 2364 235 2411 altera

59 2431 208 2493 depromitur
225 2446 254 2477 ex
267 2445 330 2485 aron,

60 2498 136 2545 altera
149 2512 178 2543 ex
199 2498 299 2551 virtute;

60 2564 207 2628 largitioque
217 2578 271 2625 qnae
284 2564 311 2609 lit

59 2645 90 2677 ex
101 2646 126 2677 re
137 2629 251 2677 familiari

59 2696 173 2744 exhaurit
183 2695 271 2743 sontem
287 2696 364 2757 ip=nin

59 2762 225 2824 benignitatis.

58 2829 97 2877 Ita
108 2829 245 2889 benignitas

59 2895 155 2943 tollitur
166 2894 329 2957 benignitatr·;

60 2976 166 3023 quaque
178 2976 237 3008 usus
250 2962 282 3006 sis

59 3030 83 3075 in
102 3030 193 3091 plures,

57 3111 85 3142 eo
99 3096 179 3142 miuus
192 3094 268 3156 poesia
285 3093 320 3138 nti

58 3163 83 3208 in
97 3162 197 3208 multos.

58 3230 92 3276 At
103 3229 226 3289 quierunt

57 3294 156 3341 beniliei
167 3302 192 3341 et
206 3291 316 3340 liberales

58 3376 142 3423 opera,

59 3429 83 3474 id
95 3436 131 3474 est
140 3428 229 3474 virtute
240 3432 264 3473 at
275 3426 413 3482 industria,

58 3510 107 3557 quo
119 3493 255 3556 proluerint
266 3493 385 3555 pluribus,

59 3577 86 3608 eo
97 3560 221 3607 habebunt

59 3628 182 3689 adjutores
194 3627 275 3688 plnres

58 3694 89 3740 ad
102 3693 240 3741 laniandum
252 3691 367 3750 benigne:

59 3759 145 3807 deinde
158 3757 331 3807 cousuetudine

59 3825 223 3875 beneficentiae

59 3904 130 3941 erunt
147 3894 277 3955 paratiores

479 836 535 885 XV.
548 835 620 893 Mais,
630 836 664 884 les
674 836 768 885 devoir·

446 901 487 951 des
496 899 655 966 jenua-gana

445 970 485 1031 qui
499 968 762 1032 pensent-avoir·soroe

445 1051 507 1098 pour
517 1036 628 1099 aequerir
638 1036 665 1084 la
676 1036 753 1099 gleire

445 1110 520 1163 ayant
531 1103 569 1150 ete
578 1105 686 1166 arpesia,

444 1169 463 1216 il
479 1169 531 1217 lant
542 1169 621 1233 parler
637 1169 730 1217 ensuite

445 1235 475 1283 de
485 1236 510 1283 la
521 1235 685 1284 bienlaiaanea

444 1308 468 1349 et
480 1302 509 1348 de
520 1303 545 1349 la
554 1302 682 1350 liberalite.

444 1367 480 1415 De
495 1368 598 1431 laquelle
609 1368 634 1417 la
644 1368 755 1418 methode
764 1375 800 1416 est
810 1369 906 1417 double.

444 1436 491 1482 Car
506 1435 525 1482 il
534 1444 571 1481 est
580 1434 625 1482 fait
635 1435 690 1483 bien
704 1441 745 1487 (on
757 1435 801 1483 iait
813 1435 845 1483 du
857 1437 920 1489 bien)

444 1502 531 1548 doeux
542 1501 732 1563 quiunt-besoin
897 1502 985 1568 ⁴[pent.

444 1582 475 1613 ou
482 1582 527 1629 par
538 1566 609 1615 l'aide
618 1572 685 1628 qu'on
694 1573 743 1615 laur
751 1574 821 1627 prete,
831 1583 862 1615 ou
875 1585 917 1632 par
931 1570 986 1616 l'nr·

443 1632 509 1683 cene
521 1634 630 1681 detulere
641 1637 740 1682 methodo

444 1708 481 1747 est
491 1701 546 1763 plus
564 1701 646 1756 facile,

443 1774 540 1814 snrtout
550 1783 612 1829 pour
621 1782 654 1814 un
665 1770 751 1814 homme
762 1765 842 1824 rieha3

443 1834 506 1880 mais
514 1834 612 1882 ealle-la
628 1833 663 1894 (la
677 1834 803 1897 premiere)
815 1842 846 1881 eat
858 1834 913 1897 plus
923 1835 986 1885 bella

443 1907 467 1947 et
481 1901 536 1963 plns
548 1900 671 1957 brittonis,

443 1974 467 2014 et
476 1966 531 2028 plus
543 1966 616 2029 digne
626 1967 684 2014 d'uu
699 1966 795 2014 homme
813 1965 840 2012 de
855 1982 921 2019 ooenr

443 2041 467 2080 at
477 2032 580 2080 illustre.

443 2097 480 2146 Eu
492 2097 547 2146 effet
556 2100 660 2161 quoique

442 2163 467 2211 la
477 2165 573 2212 volente
581 2165 679 2213 libe'rsle

443 2229 472 2277 da
489 2230 647 2295 faire-plaisir

442 2298 490 2344 soit
499 2296 561 2343 dane
572 2297 777 2345 l'une-etd'autre
787 2297 867 2347 chose.

442 2362 577 2425 eapendant
588 2362 785 2411 l'une-dea-donx

442 2442 478 2476 est
489 2430 548 2477 tiree
562 2428 591 2477 de
601 2430 627 2478 la
639 2437 748 2488 cassetis,

442 2495 530 2543 l'autre
541 2494 570 2542 de
585 2497 609 2544 la
619 2506 705 2553 vertn;

442 2568 466 2608 et
477 2562 502 2608 la
513 2561 669 2625 largeasequi
682 2576 707 2612 aa
717 2561 760 2610 lait

442 2643 499 2676 aveo
511 2628 534 2676 le
544 2627 599 2675 bien
611 2627 744 2676 da-iamille

442 2695 524 2756 e'puisa
534 2695 558 2742 la
566 2710 651 2742 aonree
664 2698 740 2742 meme

442 2761 503 2807 dela
512 2760 684 2808 bieulaisanoe.

441 2827 512 2874 Ainsi
527 2827 551 2873 la
562 2827 725 2875 bient'aisance

441 2902 478 2940 est
487 2893 590 2941 de'truita
602 2909 646 2956 par
658 2894 683 2941 la
693 2893 866 2945 bienfaisanee·

441 2958 470 3006 de
482 2959 586 3022 laquelle
594 2959 705 3009 d'autant
715 2972 743 3009 tu
753 2976 780 3008 as
792 2964 834 3009 use

441 3040 525 3072 envers
537 3021 566 3073 de
578 3027 632 3089 plue
644 3027 791 3085 nombreux,

441 3091 551 3140 d'autant
562 3095 642 3141 rnoina
649 3104 675 3140 tu
690 3095 801 3156 peurrais
812 3109 867 3143 ussi·

440 3173 525 3206 envers
535 3157 715 3207 dauombreux.

440 3224 503 3272 Mais
513 3240 575 3273 oeux
584 3227 626 3289 qui
638 3236 720 3274 serout

440 3290 599 3339 bisniaisants
611 3300 634 3339 et
646 3294 767 3356 genereux

441 3373 484 3420 par
494 3358 565 3406 l’aids
578 3362 645 3418 qu'itr
652 3365 749 3418 prttsnt,

441 3424 587 3471 dest-‹t-dire
600 3430 698 3488 perteus·
709 3433 777 3474 vertn
786 3433 809 3474 et
818 3430 869 3475 less·
884 3425 989 3483 nativite,

441 3490 552 3537 d'autant
570 3492 599 3538 ils
621 3500 709 3540 aurunt
728 3495 765 3541 ete
775 3494 847 3541 utiles
863 3493 921 3542 bde
932 3492 986 3559 plns

442 3557 554 3604 d'autant
566 3557 596 3604 ila
608 3567 697 3606 aurunt
826 3558 978 3622 [nombreux.

440 3622 482 3669 des
491 3623 556 3670 eides
569 3624 623 3686 plus
635 3625 769 3674 nombraux

440 3703 501 3751 pour
514 3690 573 3736 faire
584 3692 614 3737 du
629 3692 698 3744 bien:

440 3756 495 3818 puis
506 3770 549 3817 par
561 3756 693 3804 l'habituda

440 3821 469 3868 de
480 3822 505 3868 la
515 3822 677 3871 bieniaisance

439 3889 471 3934 ils
485 3896 568 3935 serunt
579 3890 633 3952 plus
646 3891 757 3952 preparas
