2364 4634
412 741 464 787 nes
485 738 617 797 narolus,
640 739 724 785 nivea
745 740 765 784 ι.
994 727 1050 786 105

152 859 481 921 moedau-nomini,

127 941 180 987 qo·
191 927 302 975 cernitur

125 991 149 1040 in
162 993 278 1055 perieulis
290 1003 314 1042 et
327 994 460 1055 leboinus,

125 1059 145 1105 ei
160 1068 231 1106 vacat
242 1060 349 1122 justitia,

124 1134 270 1188 pugnatque

124 1207 174 1240 nou
187 1208 232 1254 pro
242 1193 320 1241 aalute
330 1195 462 1252 communi,

122 1258 164 1306 aad
176 1274 222 1320 pro
234 1260 286 1307 ania
297 1261 438 1321 commedit,

122 1334 159 1372 est
172 1325 199 1372 in
210 1326 278 1373 vitio.

122 1390 182 1438 Non
196 1391 261 1437 enim
273 1393 345 1441 modo

121 1457 149 1503 id
164 1472 213 1504 non
224 1465 261 1505 eat
271 1460 376 1518 virtutis,

122 1523 167 1570 sed
182 1525 263 1586 potine

121 1590 288 1638 immanitatis

121 1657 263 1718 repellentia

121 1738 222 1770 ornnem
235 1722 419 1771 humanitatem.

120 1786 211 1851 Itaque
227 1788 344 1837 fortitudo

121 1854 241 1903 delinitur
251 1856 325 1917 probe
336 1871 351 1902 a
362 1856 455 1915 etoieie,

121 1936 201 1983 quum
213 1920 296 1968 dicunt
307 1936 360 1970 etam

122 2003 177 2033 esse
188 1988 301 2035 virtutem

121 2061 318 2116 propugnantem

121 2135 168 2181 pro
178 2121 301 2181 aequitate.

122 2185 246 2245 Quocirca
258 2200 340 2243 nemo,-

123 2254 165 2312 qui
180 2261 324 2300 consecutus
333 2258 371 2298 eet

123 2320 230 2380 gloriam
243 2315 393 2366 fortitudinia

123 2384 221 2431 insidiis
231 2392 255 2431 et
266 2384 371 2437 malitia,

124 2450 227 2511 adeptus
237 2457 274 2498 eat
284 2449 390 2498 leudem.

124 2516 194 2563 Nihil
207 2518 272 2563 euim

123 2589 203 2644 potest
213 2597 265 2629 eeae
276 2583 414 2639 honestum,

124 2648 188 2709 quod
203 2658 270 2696 vacet
280 2651 390 2711 justitia.

124 2714 189 2762 lllud
202 2714 280 2778 igitur
294 2715 404 2763 Platonis

123 2782 270 2843 praeclarum
283 2798 289 2828 :

126 2867 137 2889 ι
150 2845 204 2894 Non
218 2848 306 2903 solum,
320 2847 410 2909 inquit,

122 2914 234 2966 scientia,

123 2995 178 3040 qnae
190 2989 226 3026 est
242 2986 360 3026 remotae
374 2977 480 3040 justitia,

122 3044 270 3107 appellanda
282 3051 318 3091 est
331 3044 449 3092 calliditas

123 3113 286 3174 potiusquam
299 3111 432 3172 sapientia,

128 3180 293 3225 verumetiam
310 3176 406 3224 animus

124 3253 225 3306 paratus
234 3243 266 3290 nd
278 3243 422 3305 periculum,

124 3312 143 3357 ai
158 3309 294 3371 impellitur

124 3391 169 3422 ena
181 3375 322 3438 cupiditate,

124 3459 174 3489 non
187 3444 291 3489 utilitate
303 3440 436 3498 communi,

125 3509 212 3556 liabent
226 3524 312 3556 nomen
326 3507 433 3555 audaciae

125 3576 205 3636 potius
218 3590 290 3637 quum
303 3574 481 3622 fortitudinia.-

124 3641 209 3703 Ituque
226 3642 337 3688 volumus

126 3710 189 3755 viros
205 3709 288 3766 sortes,
301 3707 480 3770 magnanimos,

125 3773 220 3821 eosdem
232 3788 284 3821 esse
296 3774 372 3823 bonoe

126 3849 150 3886 et
162 3841 292 3903 simplices,

127 3906 216 3953 amicos
232 3906 348 3964 veritatis,

540 859 608 908 XIX.
628 859 690 908 Maia
706 865 767 908 eette
784 859 902 908 olivetion
923 857 1011 913 d’tme.

508 940 548 986 qul
560 937 596 973 est
607 941 653 973 rue

508 991 568 1039 dene
582 993 617 1040 les
627 992 730 1055 <langere
739 998 763 1040 et
774 993 809 1039 lea
821 999 932 1048 traraux,

507 1059 527 1105 ei
538 1059 584 1105 elle
593 1059 777 1122 eat-depourvue
789 1058 818 1106 de
824 1058 922 1121 juatioe,

506 1131 530 1171 et
541 1127 637 1172 combat

507 1207 555 1238 non
569 1207 629 1253 pour
641 1193 663 1239 le
675 1192 740 1239 salut
750 1207 873 1250 commun,

507 1258 568 1304 mais
581 1273 641 1320 pour
653 1274 688 1305 eea
700 1259 809 1314 intortis,

506 1331 542 1370 est
554 1340 582 1370 en
599 1326 647 1371 vioe
658 1328 703 1384 (eet
713 1341 745 1371 un
757 1325 828 1384 vice).

507 1389 542 1437 En
556 1390 611 1438 ellat
621 1391 813 1439 non-seulement
960 1387 1048 1456 [verto.

507 1457 558 1503 cela
574 1457 636 1504 n'eet
650 1472 692 1519 pas
707 1456 735 1504 de
751 1455 923 1519 (n'appartient
934 1457 1010 1520 Μὰ
1026 1456 1050 1504 1ι

507 1524 568 1570 maia
581 1527 629 1570 ceta
640 1528 768 1584 appartient
779 1524 859 1586 plutot

507 1591 580 1636 'aune
593 1590 705 1638 barbarie

507 1655 548 1717 qui
561 1672 670 1717 repoueee

507 1729 573 1769 toute
586 1723 719 1770 immanite.

506 1786 696 1851 C'est-ponrquoi
709 1788 735 1837 la
748 1788 813 1836 sorte
824 1787 898 1835 d'dme

507 1863 543 1901 eat
554 1855 640 1902 definio
653 1857 708 1903 bien
720 1870 764 1918 par
773 1855 809 1902 iet
818 1857 941 1913 etoieieua,

506 1920 629 1984 lorequ'ile
640 1920 719 1968 disent
730 1920 776 1968 olle

506 1988 556 2034 etre
568 2003 615 2034 une
626 1996 695 2036 verto

507 2055 657 2100 combuttaut

508 2133 567 2180 pour
578 2120 683 2180 l'equitti.

507 2185 700 2247 C'eet·pourquoi
710 2198 835 2246 pertenue,

509 2250 550 2311 qui
563 2267 577 2297 a
588 2252 675 2298 atteint

508 2317 532 2363 la
543 2317 619 2379 gloire
631 2317 660 2362 de
669 2317 695 2363 la
707 2316 770 2364 lotoe
781 2316 853 2364 d'ome

508 2397 552 2444 par
564 2383 598 2429 los
609 2382 739 2430 embilohee
749 2390 773 2429 et
783 2382 808 2430 la
819 2381 1000 2439 monialae-soi,

508 2450 548 2496 n'a
563 2451 651 2496 obtenu
663 2449 688 2497 la
700 2447 815 2512 louauge.

506 2513 567 2562 Rlen
580 2531 609 2561 en
624 2514 679 2562 eflet

507 2596 538 2627 ne
552 2591 608 2643 peut
619 2584 669 2628 etro
683 2580 794 2632 lionnete.

508 2648 547 2708 qui
561 2647 742 2709 soit-deponito
754 2647 782 2694 de
790 2646 889 2708 juetioe.

507 2713 540 2762 Ce
549 2723 594 2760 mot
607 2712 669 2760 dono
679 2712 708 2760 de
718 2712 804 2761 Platon

507 2788 537 2826 est
553 2780 732 2827 trite-brillanti

508 2845 744 2902 «Non-seulement,
759 2844 835 2902 dit-il,

508 2913 533 2959 la
543 2915 644 2968 acience,

507 2979 547 3040 qui
561 2987 597 3025 eet
608 2978 701 3041 ee'paree
713 2976 742 3024 de
753 2977 777 3024 la
787 2976 885 3039 juetiee,

507 3043 558 3091 doit
571 3046 619 3091 &tre
630 3043 726 3107 appelee
736 3043 832 3091 adreeee

507 3111 585 3172 plutot
597 3125 642 3173 que
655 3125 761 3173 aagesee3

508 3177 568 3224 maie
581 3192 667 3223 aiicore
678 3191 725 3223 une
736 3179 790 3224 ime

507 3245 572 3304 preto
583 3259 613 3290 nu
624 3242 724 3305 danger,

506 3309 526 3355 ai
549 3308 594 3356 elle
608 3316 644 3355 eet
655 3313 754 3371 pouaaee

507 3390 550 3436 par
560 3391 587 3421 eu
598 3391 680 3435 propre
691 3375 796 3436 passion,

508 3456 554 3488 non
568 3457 611 3503 par
625 3442 722 3488 l’ntilitei
732 3454 869 3495 commune,

508 3510 588 3554 uurait
599 3507 620 3554 la
632 3523 687 3554 nom
699 3506 817 3554 d’audace

508 3573 585 3635 plutot
596 3588 642 3636 qne
652 3573 680 3620 de
688 3574 814 3621 brnvoure.
826 3590 838 3615 a

508 3640 702 3702 C'est-pourquoi
716 3655 776 3686 noua
791 3639 892 3685 vouluna

508 3705 542 3753 leo
552 3705 660 3753 hommes
672 3707 766 3761 braree,
783 3704 959 3767 magnanimea,

508 3772 542 3819 lea
557 3775 645 3820 memet
656 3774 695 3836 (en
708 3775 785 3819 meme
795 3772 880 3834 tempe)
894 3772 944 3817 ttre
956 3767 1017 3815 bona

506 3846 530 3885 et
542 3837 648 3901 simplee,

508 3907 569 3955 amit
581 3907 609 3952 de
620 3905 646 3952 la
657 3904 741 3959 verite.
