2474 4694
384 760 434 804 ors
455 757 588 813 orreum,
612 757 695 800 eruor
717 757 747 800 n.
892 721 894 724 Α
969 743 1029 803 319

108 881 202 927 etiamsi
214 878 275 926 lorta
490 877 570 939 quand
582 878 658 922 meme
670 892 712 939 par
724 874 812 923 hasard

109 961 145 992 ret
161 959 209 992 non
222 946 334 1007 suppetit.
490 943 562 990 l’ellet
572 958 602 989 no
614 958 638 989 se
654 945 761 1005 pre'sento
772 957 823 1004 pas.

107 1015 184 1059 Amor
200 1021 280 1058 nutem
299 1009 462 1057 multitudinis
490 1010 551 1057 lluis
562 1011 666 1055 l'amour
678 1010 707 1056 de
719 1011 743 1056 la
755 1007 883 1055 multitudo

109 1088 274 1125 sommovetur
286 1077 436 1125 vehementer
489 1089 524 1122 est
537 1077 614 1123 exoleti
627 1076 755 1122 lortement

107 1144 173 1191 lama
188 1146 238 1205 ipsu
489 1159 532 1203 par
543 1142 567 1189 la
577 1146 712 1189 reuommee
723 1144 800 1188 meme

106 1219 133 1257 et
142 1213 254 1272 opinione
266 1210 427 1267 liberalitatis,
489 1221 512 1254 et
522 1210 545 1255 la
557 1211 692 1270 re'putution
701 1208 729 1254 de
737 1208 864 1265 liberalite,

107 1276 276 1333 beneticentiae,
489 1274 517 1322 de
530 1274 700 1325 biensaiaanee.

104 1343 298 1404 justitiae,fidoi,
390 1342 461 1408 [tum,
490 1341 621 1402 dejustiee,
633 1341 661 1389 de
672 1340 805 1398 bonne-foi,

107 1411 262 1470 omniumque
280 1424 364 1456 earum
385 1411 461 1456 virtu·
489 1410 552 1454 etde
567 1416 644 1455 toutea
655 1424 693 1454 cos
704 1417 794 1465 tertua,

107 1490 161 1536 queo
173 1478 292 1538 pertinent
488 1477 529 1534 qui
541 1482 697 1536 ont-rapport

106 1541 137 1587 ad
148 1540 355 1588 monsuetudinem
488 1540 652 1587 blndoueeur

106 1622 135 1653 oe
147 1608 285 1655 facilitatem
297 1622 402 1655 morum.
489 1617 511 1651 et
523 1608 538 1652 d
549 1607 574 1652 lu
585 1606 674 1653 facilitd
687 1607 727 1654 dea
739 1622 837 1654 moeura.

107 1674 204 1722 Etenim
217 1677 273 1734 quia
283 1673 345 1720 illud
355 1673 443 1734 ipsum,
489 1672 526 1718 Eu
536 1671 591 1720 ellet
600 1689 669 1734 parce
679 1673 785 1734 querela
795 1676 878 1732 memo

106 1740 171 1800 qood
182 1741 284 1787 dicimur
297 1739 424 1786 honestum
489 1754 535 1799 qne
546 1753 608 1785 noua
619 1740 732 1801 appelona
743 1740 866 1787 l’hounbte

107 1806 275 1868 decorumque,
488 1814 512 1849 et
524 1805 545 1851 le
557 1805 691 1862 hiensium,

106 1887 148 1932 per·
159 1888 183 1919 se
194 1874 271 1934 placet
282 1873 361 1927 nobis,
488 1885 531 1931 pur
544 1872 672 1919 lut-memo
684 1872 744 1934 plalt
756 1874 771 1919 lt
781 1888 852 1932 noua,

107 1948 287 1999 commovetque
487 1949 510 1983 at
521 1940 601 1984 timent

107 2006 201 2050 onimoa
215 2006 323 2050 omnium
487 2003 521 2048 les
532 2019 612 2051 ooeurs
623 2003 651 2051 da
660 2010 714 2051 toua

106 2086 150 2116 aua
162 2079 249 2117 natum
261 2084 284 2117 et
296 2070 382 2131 speeie,
486 2084 530 2129 par
541 2078 663 2116 senatore
673 2080 696 2117 et
706 2086 746 2116 ron
758 2086 896 2133 apparendo,

107 2137 222 2197 quasique
236 2138 342 2198 perlucet
487 2146 510 2181 et
521 2137 741 2197 err-quelquo-sorte
751 2137 821 2184 brillo

107 2205 211 2248 maximo
222 2219 251 2248 ex
263 2202 297 2248 eis
309 2202 446 2258 virtutibus,
487 2210 581 2248 mrtout
592 2203 684 2264 d'opreo
694 2218 732 2249 ees
743 2211 833 2262 textus,

106 2283 166 2328 qnae
178 2269 373 2326 cmmnumormd,
487 2283 532 2328 que
541 2269 584 2329 j'ai
599 2269 729 2329 reppertos,

106 2335 197 2381 ideireo
209 2336 320 2396 cogimur
487 2335 610 2394 poureelu
620 2350 681 2381 noua
691 2350 794 2382 aommea
803 2335 881 2383 fereda

106 2416 120 2445 o
134 2411 221 2447 turtum
234 2403 286 2462 ipae
487 2415 531 2460 par
544 2401 569 2446 la
584 2412 670 2447 notura
682 2401 815 2448 elle-memo

106 2466 207 2525 diligere
222 2468 277 2513 illos
487 2468 502 2511 it
513 2465 591 2512 eherir
602 2482 663 2513 ceux

107 2535 131 2578 in
142 2534 229 2593 ortibus
241 2548 322 2579 remur
488 2531 547 2577 dous
560 2533 663 2593 lesquels
675 2547 735 2579 nous
746 2548 848 2596 pensons

107 2613 146 2643 ons
160 2600 259 2644 virtutes
271 2614 328 2645 esre.
487 2611 526 2643 ees
536 2605 617 2644 vertus
628 2599 725 2646 exister.

108 2667 185 2725 Atque
198 2665 292 2725 quidem
488 2663 518 2709 Et
527 2665 541 2709 it
551 2664 576 2711 la
587 2662 660 2710 verite

106 2730 144 2777 liae
156 2746 233 2777 caiisa·
249 2730 365 2791 diligendi
487 2744 525 2774 ees
537 2731 618 2776 motils
631 2730 731 2777 d'aimor
743 2729 900 2793 ld’alleetion)

105 2798 270 2858 gravitonum
487 2805 537 2841 sont
552 2798 585 2841 les
597 2797 651 2857 plus
663 2798 824 2858 importantur

106 2863 230 2909 nonnuliae
244 2863 308 2908 eninr
321 2862 421 2907 leviores
487 2876 516 2906 en
530 2861 583 2907 estet
594 2863 767 2924 quelques-una
779 2863 835 2925 plua
846 2863 923 2926 ligera

105 2938 206 2991 possunt
215 2944 265 2975 esse
277 2940 400 2989 prretereu.
488 2939 589 2987 penvent
601 2933 649 2975 etro
661 2944 690 2975 en
702 2937 780 2975 outre.

139 2995 221 3041 Potest
233 3004 313 3041 autem
326 2992 387 3040 ellici
520 2993 690 3056 D'entra-part
699 2995 717 3042 il
728 3001 786 3057 peut
796 2998 845 3042 etro
856 2994 952 3058 produit

105 3059 198 3107 duobus
211 3061 281 3107 robus
487 3074 530 3119 pur
542 3061 604 3106 doux
617 3061 701 3108 choses

107 3136 135 3174 ut
146 3127 205 3173 lidos
217 3126 349 3173 habeatur:
488 3142 532 3185 que
545 3127 667 3174 continued
678 3127 725 3174 soit
736 3142 779 3175 oua
790 3127 868 3190 (mise)
879 3144 907 3175 eo
917 3142 974 3175 nour
988 3142 992 3173 5

105 3194 125 3238 si
140 3195 333 3239 existimabimur
487 3194 507 3237 ei
519 3208 579 3239 noua
589 3208 692 3240 summes
700 3195 822 3255 priaumda

104 3258 183 3320 adepti
195 3260 347 3320 prudentium
487 3260 554 3305 aveir
567 3261 649 3320 aequis
662 3262 685 3305 lo
695 3260 816 3321 prudanee

105 3326 260 3385 conjunctam
271 3341 325 3371 cnm
336 3323 440 3385 justitia.
486 3327 543 3371 unio
555 3341 611 3372 uvee
626 3327 650 3372 le
658 3326 756 3386 justice.

103 3390 166 3437 Num
181 3402 204 3438 et
216 3391 331 3438 lmbemus
343 3389 413 3437 fidem
487 3390 534 3438 Cor
544 3402 567 3438 et
579 3407 640 3438 noua
652 3407 726 3438 avons
740 3391 862 3439 confiauee

104 3457 134 3502 iis
146 3473 206 3518 quos
219 3459 365 3504 arbitramur
486 3472 514 3502 en
527 3473 586 3504 ceux
596 3474 642 3518 ouo
652 3473 712 3505 uous
722 3460 837 3505 estimona

104 3524 239 3581 interimere
252 3526 386 3584 plusquam
404 3540 456 3582 nos,
485 3524 718 3585 avoir-intelligeret}
731 3526 786 3587 plus
798 3541 844 3587 que
855 3538 924 3585 noua,

104 3604 211 3650 quosque
221 3591 339 3636 eredimus
484 3598 563 3650 etque
575 3605 635 3636 nous
648 3604 751 3652 croyona

103 3665 127 3701 et
141 3658 273 3717 prospicere
286 3658 375 3711 futura,
484 3666 507 3701 et
518 3656 698 3703 noir-d'avance
716 3657 750 3704 lea
765 3657 849 3703 ehoaea
861 3654 963 3714 turmot,

104 3730 127 3767 et
138 3737 205 3782 presse
216 3722 326 3783 expedire
338 3738 397 3778 rem,
483 3732 506 3767 et
519 3717 618 3782 pouroir
633 3721 737 3785 ddgarrer
753 3723 864 3782 retroire,

104 3803 177 3848 quum
190 3803 226 3835 rer
239 3798 327 3850 ugntur
484 3788 564 3848 quuud
577 3788 677 3835 l'allniro
688 3788 838 3851 a’eeeomplit

104 3854 455 3916 ventumquesitinrlisorimou,
484 3864 506 3899 ot
519 3856 591 3915 qu'on
606 3863 642 3902 est
654 3871 716 3901 venu
729 3871 759 3902 au
770 3851 999 3916 moment-critique,

104 3928 128 3967 rt
139 3934 222 3980 cupere
234 3922 363 3968 eonsilium
485 3930 507 3967 et
519 3920 617 3982 prendre
630 3937 676 3969 uuo
686 3921 817 3970 resolution
