2364 4634
347 820 394 865 Μ
407 817 522 869 torvum&
545 817 629 863 tltnt
651 819 668 861 l.

50 936 87 982 nisi
98 946 137 984 rut
149 936 178 984 sb
193 937 224 984 iis
237 937 278 998 qui
290 936 375 985 dicunt

49 1001 184 1050 honestatem
194 1003 271 1051 solem

48 1070 201 1130 expetendum.

50 1137 212 1199 mmmm

50 1203 145 1249 menime
153 1210 244 1266 propter
257 1216 291 1249 se.

51 1266 127 1329 Iraque
137 1285 164 1316 es
171 1271 297 1332 preceptio

51 1345 82 1380 est
92 1337 181 1396 propris
189 1336 323 1384 Stoicorum

52 1410 73 1447 et
81 1402 269 1449 Academicorum

53 1476 74 1512 et
84 1466 297 1530 Peripateticorum,

55 1534 155 1591 quoniam
163 1535 304 1596 jampridem

56 1601 160 1647 eontentio
169 1602 297 1657 Aristonis,

56 1662 173 1724 Pyrrhonis
183 1676 206 1714 et
214 1668 309 1722 Herilli,

58 1733 145 1793 exploso
155 1744 200 1787 est;

60 1800 94 1856 qni
103 1810 172 1845 terren

60 1862 159 1911 heberent
167 1867 204 1927 jus
215 1882 285 1913 suum

62 1927 179 1991 disputandi
190 1932 218 1979 ds
231 1932 322 1989 officio,

63 1996 79 2040 si
89 1997 226 2058 reliquissent

62 2061 150 2123 sliquem
158 2064 271 2112 delectum
284 2079 377 2124 rernm,

64 2137 87 2172 nt
96 2140 148 2176 esset
156 2131 231 2179 editus

64 2193 243 2245 adinventionem
256 2197 341 2245 officii.

65 2258 174 2321 Sequemur
187 2266 273 2327 igitur,

65 2323 102 2372 hor
112 2330 194 2389 quidem
207 2344 314 2393 temporo

65 2394 114 2439 etin
125 2394 163 2444 hec
175 2398 316 2460 quaestione.

65 2457 147 2517 Stoicos,

65 2540 104 2572 non
112 2536 134 2575 ut
142 2529 279 2593 interpretes
289 2547 296 2583 ς

65 2592 104 2641 sed.
116 2598 256 2655 utsolcmus,

64 2655 183 2710 hrrriemus

63 2724 177 2777 cientibus
189 2744 283 2788 eorum,

61 2802 128 2842 nostro
135 2796 228 2858 jndicio
240 2795 399 2856 arbitrioque.

60 2872 160 2921 qusntum
172 2862 296 2909 videbitur

58 2928 226 2989 quoquomodo.

81 2994 159 3043 Plueet
168 2995 255 3058 igitur,

55 3064 157 3122 quonium
172 3062 254 3111 omnis
269 3060 401 3122 disputatio

53 3126 175 3177 lutumst
188 3127 218 3175 de
232 3127 325 3186 officio,

51 3192 142 3243 delinire
155 3204 214 3243 ente

49 3261 102 3323 quid
114 3264 147 3310 sit
159 3260 285 3317 officiumq

49 3329 106 3391 qnod
119 3331 196 3376 miror

47 3398 235 3457 pretermissum
243 3407 293 3441 esse

47 3462 190 3510 al‘snetic.

47 3528 131 3577 Omnis
141 3528 209 3575 enim
219 3525 342 3573 institutio

45 3610 98 3657 quse
107 3593 241 3656 surripitur
250 3609 266 3640 ιι
278 3593 370 3639 ratione

44 3662 206 3725 dereliquere

43 3730 113 3777 deber
124 3725 248 3791 proficisci

43 3793 224 3850 sdefinitione,

42 3871 70 3910 nt
80 3860 241 3923 intelligetur

41 3929 101 3992 quid
113 3928 148 3975 sit
165 3926 192 3973 id

42 3996 72 4045 ὼ
81 4008 132 4059 quo
145 3993 294 4058 disputetur.

413 937 483 984 sinon
495 953 527 984 ou
538 952 581 999 per
592 952 653 984 ceux
665 938 705 999 qui
719 937 799 984 disent

413 1003 559 1050 l’hounetets'·
570 1005 635 1051 seule

414 1068 497 1117 devoir
510 1073 559 1117 etre
570 1070 719 1127 reelrcrclrie,

414 1151 445 1183 ou
458 1152 500 1197 par
514 1152 575 1183 ceux
586 1138 628 1197 qui
641 1140 713 1184 discut
732 1137 803 1201 [pour
815 1137 950 1183 ellememo

415 1203 549 1249 l'hourrltere'
559 1205 634 1248 deeor'r
648 1209 693 1250 stre
712 1206 840 1251 ποικιλία
854 1214 956 1251 surtou.

415 1268 632 1331 En-conu2quence
642 1280 679 1316 eet
691 1273 873 1327 erueiunement

415 1344 452 1382 est
462 1350 547 1398 propre
565 1338 720 1398 (appartient)
738 1352 786 1385 eux
798 1338 917 1386 Stolciens

416 1412 439 1449 et
452 1417 501 1448 nux
516 1401 697 1449 Academicieus

416 1477 440 1515 et
451 1482 500 1515 nux
510 1468 718 1530 Peripsteticiens,

416 1535 517 1596 puirque
530 1534 766 1599 depuis-longumps

418 1602 440 1648 le
451 1602 582 1648 sentiment
596 1602 729 1657 d'llriston.

419 1667 448 1713 do
461 1667 571 1728 Pyrrhou
583 1677 607 1715 et
623 1669 763 1725 d'Hririllus‚

419 1735 482 1779 stete
495 1734 557 1785 hue';

419 1801 522 1861 iesquels
534 1799 667 1862 cependunt

419 1867 531 1913 auruleus
546 1883 579 1912 uu
594 1866 659 1914 droit
672 1871 748 1915 t-eux

420 1934 449 1979 de
460 1932 566 1979 discuter
577 1948 620 1980 sur
638 1935 661 1980 le
673 1935 763 1990 devoir.

421 1998 472 2045 s'ils
482 2001 579 2045 uenient
594 1999 666 2046 luisso'

420 2065 522 2126 quelque
534 2065 672 2113 distinction
683 2064 723 2112 des
731 2072 808 2115 (entre
815 2066 860 2129 les)
870 2065 962 2124 choses¹

421 2146 481 2193 pour
493 2131 553 2193 qu'il
565 2148 581 2193 y
592 2136 633 2179 eirt
648 2147 681 2178 nn
694 2146 762 2178 uoces
862 2131 964 2196 [devoir.

421 2213 473 2243 vers
498 2198 522 2244 la
545 2196 686 2245 deeouverte
711 2198 913 2260 (connaissance)
933 2200 965 2246 du

421 2263 488 2311 Nous
501 2264 614 2313 suivrons
631 2264 709 2319 donc,

422 2331 482 2376 dens
496 2340 556 2376 cette
568 2333 733 2378 circonstnnee
751 2330 784 2377 dn
797 2331 878 2377 moins

421 2406 445 2443 et
457 2396 565 2442 densent
580 2413 691 2457 examen,

422 2463 456 2510 les
469 2463 595 2517 storeiens.

423 2544 472 2575 non
488 2545 581 2577 commo
600 2529 628 2576 de
639 2533 731 2590 simplos
742 2529 884 2593 iuterprirtes
895 2546 901 2585 ;

423 2593 493 2654 nuris¹
507 2611 600 2643 comme
614 2612 675 2644 nous
687 2606 898 2646 orons-coutume.

425 2678 486 2709 nous
498 2663 623 2724 puiserons

424 2744 473 2775 nux
490 2744 586 2776 sources
598 2729 678 2784 d’cux,

425 2800 439 2842 ir
451 2805 520 2842 notre
531 2797 590 2856 gout
608 2805 631 2842 et
643 2798 657 2842 ir
667 2806 731 2842 notre
742 2799 793 2857 gre,

424 2870 504 2909 nutant
516 2863 575 2923 qu'il
587 2878 643 2908 nous
656 2864 820 2923 purnltru-bon

425 2939 449 2975 et
459 2928 488 2975 de
503 2929 527 2974 ln
539 2930 645 2975 muniere
658 2930 718 2989 qu'r'l
735 2945 791 2976 nous
800 2935 905 2988 purnltro
917 2933 966 2975 bon.

459 2993 480 3042 ll
497 3010 554 3041 unus
567 2996 628 3056 plelt
638 2994 707 3046 donc.

426 3062 527 3125 pirisque
539 3071 605 3108 toute
616 3070 668 3108 celle
678 3061 812 3109 discussion

427 3129 478 3175 doit
491 3132 541 3174 etro
551 3128 651 3189 Ι(ιοιιΙιι)
661 3144 703 3174 sur
713 3130 735 3176 le
748 3128 837 3183 devoir,

426 3194 454 3241 de
465 3193 549 3240 definit
566 3204 715 3257 nupsrnvnnt

428 3277 454 3307 ee
464 3276 510 3322 qne
522 3262 581 3307 e’est
592 3277 638 3322 que
650 3262 673 3307 le
685 3260 782 3313 devoir;

427 3330 490 3375 close
504 3342 549 3389 que
559 3327 584 3389 je
599 3329 891 3375 vois-nvec-e'tonnement

428 3395 496 3440 nsoir
506 3396 543 3440 cte
556 3394 631 3440 ornize

428 3476 472 3522 por
487 3460 613 3506 l‘nnetius.

429 3527 476 3575 Cur
488 3535 541 3573 tout
552 3528 730 3573 e'tnlrlisseruent
740 3528 766 3572 de
778 3529 876 3573 doctrine

430 3593 520 3655 quiret
535 3594 652 3655 entrepris
664 3594 730 3640 selon
744 3594 767 3640 ln
782 3592 892 3641 methodo

430 3674 472 3706 sur
482 3659 585 3721 quelque
596 3659 659 3722 sujet

431 3724 483 3772 doit
499 3727 574 3788 purtir

432 3791 504 3838 d'une
518 3790 652 3846 delinitiom
865 3790 976 3853 [preunel

431 3858 480 3905 sliu
501 3859 560 3919 qu’il
574 3859 620 3905 soit
636 3859 741 3920 compris
757 3858 826 3919 (que
843 3856 894 3905 l'on
911 3870 964 3903 cour

433 3940 459 3972 ce
473 3939 520 3987 que
531 3924 590 3971 c'est
601 3940 646 3986 qne
659 3934 720 3971 cette
732 3926 795 3970 elnone

432 4007 474 4039 sur
487 3990 592 4052 laquelle
603 4006 634 4038 on
646 3991 746 4039 discute.
