2474 4694
240 776 294 831 116
528 759 565 805 DE
586 759 705 806 oeetctts
726 760 807 807 tteett
828 762 848 806 l.

234 879 282 928 aut
293 871 403 927 molesta
418 871 472 927 vita
491 879 533 927 est
553 873 698 928 otiosorum
711 889 718 941 ;
739 872 899 928 fructuosior
911 879 1002 928 autem
1015 873 1153 929 bominum

231 976 326 1048 peueri
339 984 367 1031 et
380 976 413 1033 ad
431 976 582 1032 claritatem
601 978 860 1050 amplitudinemque
876 980 964 1052 aptior
983 995 1088 1047 eorum,
1107 981 1153 1051 qni

233 1097 262 1137 se
276 1082 310 1136 ad
326 1082 518 1155 rempublicam
536 1090 564 1138 et
585 1083 617 1138 ad
633 1100 678 1139 res
696 1100 806 1155 magnas
820 1087 951 1156 gerendas
964 1084 1153 1141 accommoda-

236 1195 339 1244 verunt.
355 1189 522 1263 Quapropter
534 1196 563 1244 et
576 1189 609 1244 iis
623 1190 732 1246 forsitan
745 1191 946 1246 eoncedendum
957 1191 993 1246 sit
1006 1191 1154 1263 rempubli-

235 1308 292 1348 eam
306 1310 359 1349 non
372 1294 584 1366 capessentibus,
596 1296 651 1366 qui,
665 1295 805 1351 excellenti
821 1296 939 1367 ingenio,
950 1295 1082 1351 doctrinae
1092 1311 1154 1351 sese

234 1399 403 1470 dediderunt,
419 1408 446 1457 et
463 1402 564 1473 linqui,
581 1410 628 1457 aut
645 1402 809 1458 valetudinis
824 1402 1020 1467 imbecillitate,
1038 1409 1085 1456 aut
1099 1399 1149 1456 ali·

236 1521 288 1576 qua
302 1506 425 1577 graviore
437 1522 518 1561 causa
530 1505 662 1576 impediti,
677 1523 694 1562 a
713 1506 849 1578 republica
867 1513 1051 1576 recesserunt,
1068 1522 1150 1578 quum

226 1598 291 1682 'ejus
304 1610 524 1667 administrandae
537 1618 698 1683 potestatem
712 1613 773 1666 aliis
787 1613 948 1685 laudemque
961 1612 1150 1668 concederent.

233 1715 336 1785 Quibus
346 1726 436 1772 autem
450 1716 510 1771 talis
524 1717 597 1772 nulla
615 1717 650 1772 sit
665 1733 763 1784 causa,
780 1719 803 1772 si
818 1718 956 1791 despicere
971 1735 1001 1774 se
1015 1719 1107 1775 dicant
1120 1734 1148 1772 ea

232 1837 294 1891 quae
306 1822 425 1894 plerique
437 1822 579 1887 mirentur,
593 1823 703 1894 imperia
715 1829 742 1879 ct
755 1825 940 1896 magistratus,
954 1825 989 1879 iis
1004 1840 1056 1880 non
1072 1825 1151 1879 modo

225 1911 285 1998 {non
298 1929 382 1997 laudi,
395 1945 487 1983 verum
500 1930 580 1985 etiam
595 1930 660 1985 vitio
674 1930 791 1986 dandum
805 1938 878 2003 puto.
891 1931 1009 1999 Quorum
1020 1929 1151 2001 judicium

220 2001 259 2088 ‘in
273 2049 316 2101 eo,
330 2034 400 2105 quod
412 2034 523 2106 gloriam
537 2041 712 2090 contemnant
726 2042 754 2090 et
767 2051 815 2106 pro
828 2035 911 2091 nihilo
922 2043 1028 2107 putent,
1045 2035 1152 2091 diliicile

233 2137 304 2193 lactu
317 2145 358 2194 est
371 2153 424 2193 non
437 2140 567 2211 probare;
584 2138 633 2194 sed
646 2138 773 2194 videntur
784 2138 891 2194 labores
906 2145 934 2194 et
944 2141 1083 2195 molestias
1096 2147 1151 2195 tum

232 2242 419 2316 offensionum,
436 2253 493 2301 tum
514 2245 693 2319 repulsarum,
718 2246 796 2316 quasi
814 2244 958 2317 quamdam
978 2246 1151 2317 ignominiam

231 2491 254 2532 et
265 2485 343 2532 moins
359 2484 474 2550 bchurge
484 2500 533 2535 eux
550 2493 644 2543 autrea;
660 2487 719 2535 celle
728 2486 769 2534 des
780 2485 889 2535 hommes
904 2485 946 2549 qui
959 2500 983 2533 se
995 2491 1051 2533 sont
1063 2499 1150 2534 consa·

232 2588 283 2634 crde
300 2586 547 2637 bl'adminiatretion
565 2589 606 2636 des
623 2588 719 2637 ali'nires
738 2589 865 2652 publiques
877 2597 901 2636 et
917 2590 932 2636 b
948 2588 972 2636 la
985 2588 1099 2636 conduite
1111 2587 1151 2635 des

232 2685 335 2749 grandes
346 2686 440 2745 choses,
451 2694 487 2734 est
496 2687 551 2750 plus
563 2687 622 2734 utile
632 2702 663 2733 au
671 2703 744 2749 genre
754 2686 865 2743 humeln,
877 2687 930 2750 plns
944 2688 1056 2735 entonrde
1065 2686 1150 2733 d’eclrrt

231 2794 255 2833 et
273 2786 301 2834 de
322 2788 510 2836 consideration.
530 2787 657 2836 Peut-dtre
675 2802 705 2835 ne
723 2786 856 2834 faudraitril
874 2787 925 2834 rien
944 2786 994 2834 dire
1006 2790 1021 2834 b
1034 2802 1096 2835 ceux
1108 2788 1148 2849 qni

231 2888 374 2951 s'dloignent
386 2889 426 2938 dea
439 2890 545 2947 asininos,
563 2905 632 2953 parce
641 2890 716 2952 qu'un
726 2889 796 2952 genie
806 2889 913 2936 eminent
924 2887 958 2935 lea
968 2896 1034 2951 porte
1046 2903 1099 2935 vers
1116 2889 1148 2935 les

231 2991 345 3048 scieneas,
364 2998 387 3039 et
401 2993 486 3039 bceux
498 2990 549 3053 qui,
566 2992 663 3038 detruso
677 2989 705 3038 de
726 2990 752 3037 la
765 2989 875 3038 saiblesse
888 2989 917 3038 de
929 2990 982 3037 leur
995 2989 1064 3038 sante
1075 3005 1106 3038 ou
1120 2989 1149 3037 de

231 3092 333 3155 quelque
343 3099 411 3140 autre
422 3093 503 3140 raison
517 3092 628 3151 adriense,
642 3099 775 3140 renoncsnl
786 3094 801 3140 is
812 3092 1039 3147 l'sdministrntion,
1053 3098 1077 3139 et
1091 3092 1148 3138 luis·

232 3199 286 3240 sent
297 3194 313 3240 ὲι
323 3189 428 3241 d’antres
436 3193 558 3241 l'sutorite
571 3203 594 3241 et
605 3194 630 3241 lo
640 3193 725 3256 gleire.
734 3193 817 3254 Qusnt
828 3196 843 3242 t
854 3209 915 3242 ceux
925 3196 965 3257 qui
977 3197 1046 3242 n'ont
1055 3207 1150 3241 aucune

231 3306 318 3340 excuse
328 3291 356 3340 de
370 3307 397 3341 ce
410 3307 494 3356 genre,
506 3293 566 3340 mnis
578 3294 618 3356 qui
629 3293 785 3358 dedsignent,
798 3295 933 3356 disent-ils,
946 3310 984 3342 ces
996 3291 1149 3341 commande-

230 3401 345 3441 meutset
359 3406 399 3441 eea
416 3395 598 3456 magistratures
616 3394 675 3442 dont
692 3396 716 3443 la
732 3396 829 3459 plupnrt
846 3413 871 3443 se
886 3397 985 3444 luissent
1003 3393 1107 3445 dbiouir,
1125 3393 1148 3456 je

231 3493 295 3542 crois
305 3508 360 3557 que,
374 3494 425 3542 loin
437 3495 466 3542 de
478 3495 513 3542 les
525 3510 554 3543 cu
566 3495 644 3558 louer,
657 3511 689 3544 on
701 3511 731 3544 ne
743 3507 800 3560 peut
813 3513 858 3560 qne
873 3497 907 3545 lea
919 3497 1018 3544 bldmer.
1033 3492 1070 3542 En
1083 3490 1146 3549 edet,

231 3593 249 3639 il
269 3594 342 3641 serait
362 3593 459 3642 difficile
475 3594 504 3642 de
522 3611 551 3642 ne
564 3612 607 3659 pas
625 3612 760 3660 npprourer
772 3599 795 3646 le
812 3600 942 3646 sentiment
958 3597 999 3659 qui
1013 3597 1066 3644 leur
1078 3594 1149 3642 serait

231 3693 345 3756 ntdpriser
365 3702 389 3742 et
407 3703 513 3758 complet
526 3710 586 3758 pour
600 3697 650 3744 rien
668 3697 693 3746 ln
707 3698 801 3761 gleire;
827 3699 888 3746 mnis
910 3700 940 3746 ils
957 3697 1077 3746 semblent
1091 3695 1146 3743 bien

231 3795 311 3858 pluteo
322 3794 442 3853 redentor,
456 3809 550 3844 comme
564 3812 612 3844 une
622 3799 705 3862 ospece
719 3797 747 3846 de
757 3799 832 3848 honte
844 3807 869 3848 at
880 3800 1014 3857 d'inlnmie,
1031 3799 1065 3846 les
1083 3799 1147 3844 seins

230 3896 409 3959 qu’entrslnent
420 3897 455 3946 les
469 3898 584 3956 rivaliter,
598 3898 633 3947 les
648 3899 831 3950 mortifications
845 3905 1014 3964 qu'npportent
1026 3899 1060 3945 lcs
1072 3897 1146 3946 relus.
