2474 4694
396 795 450 841 nus
470 797 604 853 niveum,
629 798 712 842 niune
735 800 754 842 ι.

108 917 132 959 et
144 909 170 959 in
181 925 230 974 qno
241 925 329 974 genere
339 910 395 961 vita
408 929 414 959 i
494 922 518 961 et
534 913 594 962 dene
609 916 663 978 quel
676 930 750 978 genre
761 915 790 962 de
801 916 852 963 viee

109 992 165 1040 quie
177 977 318 1027 deliberatio
493 981 597 1042 laquelle
605 981 761 1029 deliberetion

109 1053 146 1092 eet
157 1043 303 1093 difficillime
314 1047 432 1094 omnium.
493 1058 529 1093 est
544 1048 568 1094 la
578 1049 632 1110 plus
643 1048 739 1095 difficile
749 1048 777 1095 de
790 1056 876 1095 tontes.

109 1111 281 1161 Adolescentia
292 1114 357 1161 enim
496 1115 531 1161 En
545 1113 599 1161 elici
611 1114 782 1162 l’uciolcecence

109 1178 216 1231 ineunte,
494 1191 671 1242 commenpunt.

109 1260 185 1307 quum
195 1244 351 1294 imbecillitas
361 1246 456 1295 consilii
495 1246 590 1309 lorsque
603 1248 627 1294 lu
639 1246 752 1295 suibleese
764 1247 796 1293 du
808 1247 898 1294 eonseil

109 1321 146 1359 eet
158 1313 276 1372 maxime,
494 1321 531 1359 est
543 1314 567 1360 le
579 1314 633 1374 plue
644 1312 745 1377 grande,
1059 1354 1066 1367 .

111 1387 162 1426 turn
172 1378 274 1442 quicque
284 1379 412 1427 conutituit
421 1380 466 1427 eibi
494 1381 558 1426 alors
569 1379 662 1427 chacun
674 1379 760 1427 etubiit
771 1394 832 1441 ponr
841 1379 967 1427 eoi-meme
1064 1379 1074 1412 l

110 1444 136 1493 id
149 1460 228 1508 penne
245 1444 362 1509 degendo
373 1447 451 1494 etatis
493 1455 553 1493 cette
564 1448 645 1510 espece
657 1447 783 1507 (muniere)
798 1445 827 1494 de
840 1460 920 1508 peeeer
931 1461 956 1493 rc
967 1444 1004 1491 vie

109 1512 175 1574 quod
190 1511 314 1560 ademerit
323 1514 437 1561 maxime.
494 1513 554 1573 qu'il
567 1529 581 1560 e
593 1514 669 1560 uimde
681 1513 703 1560 le
717 1514 780 1576 plne,

110 1578 194 1640 ltuque
205 1579 345 1641 implicetur
493 1578 685 1643 C'eet·pourquoi
698 1580 716 1626 il
728 1585 763 1627 eet
772 1579 865 1642 engege

110 1646 193 1708 eliqno
203 1660 291 1709 genere
301 1653 367 1693 certo
492 1645 552 1694 <lune
562 1647 664 1708 quelque
672 1646 753 1708 eepbee
762 1645 906 1694 determine'e

110 1726 230 1775 curruque
244 1710 350 1769 vivendi,
493 1719 517 1760 ct
528 1719 618 1774 quelque
629 1714 733 1760 eurriere
745 1698 775 1759 de
786 1713 853 1760 vivre
863 1711 902 1776 (de
914 1712 968 1775 vie),

110 1788 239 1842 entequem
254 1778 333 1841 potuit
347 1778 458 1842 judicare
494 1791 568 1827 event
579 1780 638 1842 qu'il
651 1780 685 1827 uit
695 1795 728 1842 pu
741 1778 813 1841 juger

110 1845 173 1906 quod
186 1853 248 1894 esset
260 1845 388 1907 optimum.
493 1861 520 1892 ee
532 1848 573 1908 qui
590 1848 648 1893 etuit
663 1846 686 1893 le
700 1845 819 1893 meilleur.

110 1911 173 1960 Nem
187 1911 252 1976 qnod
268 1910 353 1959 dieunt
495 1912 542 1960 Cur
555 1921 631 1975 quent
642 1915 656 1959 i
668 1928 694 1959 ce
706 1913 779 1974 qu'on
792 1912 826 1960 dit

110 1978 239 2027 Herculem
251 1977 403 2035 Prodicium,
494 1979 616 2027 l'Herculc
625 1979 796 2030 tle-Prodicus.

110 2054 138 2092 ut
148 2055 185 2094 eet
196 2044 261 2108 opud
272 2043 464 2108 Xenophontem.
494 2060 588 2093 comme
604 2051 650 2093 ceta
661 2055 696 2092 est
708 2045 768 2092 ‹lene
779 2043 923 2107 xenophon,

110 2111 303 2174 quamprimum
319 2112 466 2175 pubesceret,
495 2109 1035 2175 lorsqued’ubordildeveiiuit·jeune·homme‚

111 2179 175 2240 quod
188 2186 282 2241 tempus
495 2178 573 2240 lequel
585 2185 692 2226 moment

111 2244 195 2292 ‹leturn
206 2254 243 2292 eet
255 2262 269 2291 u
282 2251 370 2292 nature
495 2259 509 2291 e
521 2247 557 2292 ete
569 2245 648 2292 donne
661 2260 704 2306 pur
714 2244 739 2290 le
753 2251 839 2290 nutrire

111 2313 141 2358 ed
155 2310 310 2375 deligendum
495 2327 557 2373 pour
570 2310 659 2360 choisir

111 2392 183 2439 quem
192 2379 256 2425 viem
266 2376 362 2425 vivendi
496 2378 556 2425 dune
568 2378 647 2439 quelle
659 2386 728 2426 route
740 2377 769 2424 de
782 2378 848 2424 vivre

112 2446 214 2507 quisque
227 2444 381 2507 ingressurus
394 2444 434 2502 eit,
495 2443 589 2491 ohecun
601 2444 651 2491 doit
662 2453 750 2500 entier,

111 2512 189 2558 exiere
200 2511 225 2557 in
236 2509 401 2570 eolitudinem,
494 2513 544 2557 etre
556 2512 615 2557 eorti
628 2510 689 2557 dene
701 2525 748 2558 une
762 2507 872 2557 solitnde.

111 2576 374 2691 :letitiam
495 2577 854 2691 iiii⁶iiliiii¹0⁸tnrmemr

113 2709 155 2757 din
168 2711 331 2771 multumque,
496 2711 633 2772 longtomps
644 2719 668 2756 et
684 2710 817 2770 beaucoup,

112 2793 188 2839 quurn
200 2788 308 2824 cerneret
319 2777 381 2824 duee
394 2777 451 2836 vies,
496 2777 606 2838 lorsqu'il
617 2775 699 2837 voyuit
711 2775 874 2829 detinentes,

112 2859 188 2891 unam
202 2843 352 2905 Voluptatis,
496 2844 562 2891 l'une
573 2843 603 2889 de
615 2843 640 2890 le
651 2841 765 2904 Volupte,

112 2912 213 2958 alteram
226 2909 341 2967 Virtutie,
496 2909 583 2957 l'uutre
594 2908 622 2956 de
635 2910 659 2956 le
670 2909 756 2965 Vertu,

112 2985 194 3024 utrem
497 2976 557 3023 (lune
569 2974 800 3037 laquelle-deedeux

112 3053 174 3090 eeeet
185 3044 270 3091 melius
284 3042 396 3106 ingredi:
496 3043 513 3089 il
529 3043 589 3090 ituit
600 3042 710 3088 meilleur
722 3041 827 3089 d’entrer
840 3056 846 3087 ι

112 3108 160 3157 hoo
169 3111 248 3172 potuit
260 3109 362 3159 tortasse
496 3110 544 3156 ceci
558 3125 573 3156 e
589 3124 619 3170 pu
631 3110 746 3170 perrretre

112 3178 255 3243 contingere
264 3176 373 3232 Herculi,
496 3175 578 3222 eolroir
590 3177 605 3222 i
616 3175 729 3236 Hercule,

113 3242 178 3289 edito
190 3254 243 3290 retu
253 3243 336 3300 Jovis;
497 3242 527 3288 ne
539 3241 567 3288 de
580 3242 604 3288 lu
616 3256 723 3288 eemenee
735 3240 764 3288 de
774 3238 883 3303 Jupiter,

113 3325 163 3357 non
173 3311 230 3357 itern
245 3311 324 3368 nobie,
496 3313 553 3356 inuio
564 3323 606 3370 poe
615 3307 735 3354 dememe
745 3309 760 3354 ie
769 3322 840 3361 nous,

114 3378 155 3439 qui
171 3378 297 3424 imitemur
497 3378 537 3437 qui
555 3375 654 3422 imitone

115 3457 175 3505 qnoe
187 3444 265 3490 virum
279 3448 315 3490 eet
327 3442 423 3504 cuique,
497 3457 558 3488 ceux
568 3441 629 3503 qu’il
641 3456 656 3487 e
665 3456 725 3502 puru
735 3442 778 3485 ben
788 3440 803 3486 b
813 3438 906 3487 chacun
917 3437 1023 3494 d'r'mr‘ter,

115 3519 187 3571 etque
199 3508 348 3573 impellimur
497 3515 521 3555 et
531 3512 571 3568 qui
584 3522 687 3555 eommee
698 3508 796 3569 pouseee

115 3575 145 3622 ed
155 3576 235 3624 etudiu
497 3589 551 3621 vere
563 3574 598 3621 les
609 3576 680 3634 polite

115 3643 272 3706 institutaque
287 3657 380 3690 eorum.
498 3649 521 3687 et
533 3641 566 3687 lee
580 3641 699 3702 principes
714 3639 795 3688 d’eux.

114 3709 229 3772 Plerique
246 3719 336 3760 eutem,
498 3706 560 3754 Meis
570 3706 594 3753 le
603 3707 709 3769 plupart,

115 3778 202 3825 imbuti
217 3776 341 3838 praeceptis
500 3773 579 3820 imbue
589 3772 630 3820 dee
640 3775 760 3835 preceptor

116 3852 255 3906 parentum,
502 3838 696 3901 denoeperentu,

116 3910 259 3958 deducimur
501 3919 561 3952 noue
572 3920 675 3952 rommee
686 3904 808 3952 entrelnee

117 3976 147 4023 nd
167 3974 364 4026 eoniuemdinem
501 3986 555 4018 vere
570 3970 703 4020 l'hebitude
