2364 4634
10 19 868 347 m

617 140 629 175 0
679 157 684 167 .

369 752 423 798 uss
442 751 575 807 nivolus,
600 749 683 797 sum
705 751 725 795 1.

76 876 102 918 nt
111 867 285 932 tanquillitas

74 945 97 984 et
108 936 232 984 securitns
244 936 317 995 sciuit,

74 1017 132 1063 qua
142 1000 215 1050 effert

73 1078 130 1115 tum
146 1070 320 1123 concamium,

74 1136 217 1183 tumetium
233 1136 387 1199 dignitatem.

75 1201 151 1248 blulti
163 1211 246 1249 nutem

74 1277 98 1314 ct
109 1275 179 1317 sunt.
192 1268 338 1324 sciuerunt,

75 1335 127 1395 qui,
144 1342 284 1396 expetentes

76 1415 131 1447 eam
143 1401 348 1462 tranquillitatem

75 1482 152 1528 quam
166 1467 230 1523 dieo.

74 1549 100 1579 sc
114 1533 267 1580 removerint

75 1613 90 1645 ι
104 1599 211 1661 negotiis
223 1599 336 1661 publicis,

74 1665 278 1728 perfugerintque
291 1665 322 1714 ed
338 1665 414 1713 otium
429 1682 436 1712 ε

76 1734 102 1778 in
118 1730 159 1778 his

75 1806 100 1844 ct
110 1796 252 1859 philosophi
265 1796 411 1846 nobilissimi

74 1864 198 1925 longeque
209 1865 337 1927 principes,

75 1941 99 1976 et
115 1930 218 1991 quidum
231 1930 342 1977 homines

74 1997 155 2044 severi
168 2004 193 2044 et
204 2011 300 2059 grues,

74 2070 212 2124 potuerunt
222 2062 284 2110 serre
292 2077 371 2110 mores

75 2144 120 2176 nce
130 2129 217 2191 populi
232 2144 276 2176 nse
287 2128 433 2193 principum,

74 2195 240 2258 nonnullique

74 2262 193 2308 vixerunt
201 2263 227 2308 in
236 2261 312 2324 agris,

73 2326 188 2376 delectati

73 2409 121 2440 sus
133 2409 160 2441 rc
170 2393 297 2441 iemilluri.

72 2458 143 2507 Idem
160 2461 311 2522 propositum
324 2459 370 2508 init
381 2458 420 2509 his

72 2525 144 2588 qnod
154 2527 264 2590 regibus,

73 2603 104 2640 nt
114 2607 147 2639 ne
159 2603 318 2655 egeruntque
330 2608 364 2650 rc,

73 2675 104 2707 ne
119 2666 234 2721 peterent
244 2659 294 2714 cui.

74 2734 205 2773 uterentur
215 2726 327 2773 libertsle
340 2743 346 2771 z

73 2792 149 2854 cnjus
163 2793 288 2855 proprium
300 2800 336 2838 est

73 2860 158 2906 vivere
172 2860 208 2905 sic
220 2867 248 2905 ut
261 2858 329 2906 uelis.

107 2923 180 2973 xxi.
193 2923 285 2984 Quare,

73 3007 153 3052 quum
168 2990 216 3038 hoc
227 2993 259 3038 sit
270 3004 399 3038 commune

73 3056 222 3120 cupidorum
234 3056 348 3120 potentiss

74 3140 134 3171 curn
143 3123 175 3170 iis
188 3123 282 3181 otiosis,

75 3205 139 3252 quos
152 3189 214 3245 dixi.

75 3257 147 3304 ulteri
165 3256 316 3303 erbitrsntnr

72 3328 103 3369 ‘sc
116 3338 184 3384 posse
197 3322 297 3385 edipisci
309 3320 344 3377 id,

76 3392 96 3435 si
106 3388 213 3435 lisbceut
221 3404 323 3451 mugnus
332 3402 403 3450 opcs3

76 3455 160 3511 alteri,

77 3523 99 3568 si
115 3523 166 3567 sint
183 3522 385 3579 contentionum

78 3598 103 3635 et
114 3602 200 3650 perro.

78 3653 109 3703 In
120 3669 170 3717 quo

78 3721 199 3770 sententie
214 3727 355 3768 neutrorum

79 3786 257 3836 contemnende
268 3796 305 3835 est
316 3785 416 3834 omnino
428 3803 435 3834 c

80 3854 121 3903 scd
133 3855 183 3902 vite
195 3854 330 3901 otiosorum

79 3930 116 3970 est
126 3931 150 3968 et
161 3920 270 3981 facilior,
284 3926 309 3967 et
318 3918 402 3976 tutior,

465 866 514 915 nnn
525 881 570 929 quc
578 866 603 914 le
610 865 762 929 tranquillitb

465 942 489 980 ct
501 935 525 980 lu
535 933 637 981 sicurite
650 932 866 996 soient-priscum,

464 999 592 1062 lesquelles
610 1006 736 1062 apportent

466 1066 605 1128 dune-part
620 1068 643 1113 le
655 1075 793 1125 constance,

465 1132 625 1195 d'sutrepsrt
634 1134 699 1179 nessi
713 1134 737 1179 la
747 1131 850 1196 eligniis.

464 1197 500 1247 Or
510 1199 633 1261 beaucoup
644 1200 765 1246 ffbommss

464 1272 489 1312 et
499 1273 563 1319 sont,
576 1274 600 1312 et
610 1273 653 1312 ent
665 1268 711 1324 e'te',

464 1332 515 1394 qui,
529 1331 686 1378 recherchnnt

465 1405 527 1444 cette
543 1399 696 1460 tranquillini

464 1479 510 1524 que
518 1463 545 1526 je
556 1464 594 1511 dis
606 1464 675 1523 (dont
683 1464 709 1526 je
722 1465 807 1527 pule),

464 1545 489 1578 so
501 1540 554 1577 sout
571 1533 661 1578 &curtes

465 1596 506 1642 des
517 1596 612 1644 sffeircs
627 1596 762 1658 publiqucs,

464 1672 488 1709 et
499 1678 524 1710 sc
533 1673 588 1710 sont
599 1662 704 1726 re'iugiis
715 1679 767 1711 vers
779 1664 801 1711 le
811 1677 894 1726 repon:

465 1730 644 1790 pnrmioeux·ci

464 1802 489 1842 et
497 1795 533 1843 les
544 1795 698 1859 philosophos
712 1797 747 1843 les
758 1796 811 1860 plus
820 1795 924 1843 cclcbres

464 1860 525 1908 etde
536 1861 586 1909 loin
598 1862 637 1922 (de
651 1865 783 1926 beaucoup)
795 1864 829 1910 les
840 1861 964 1927 premiere,

464 1935 489 1974 ot
502 1931 606 1976 cortulus
618 1929 726 1977 homines

464 1995 555 2043 sirbres
563 2005 586 2044 st
596 2010 691 2058 graves.

463 2060 532 2108 n'ont
548 2077 580 2123 pu
596 2070 720 2124 supporlcr
732 2062 768 2110 les
781 2076 871 2111 mmurs

463 2127 489 2173 ni
501 2125 533 2173 du
546 2129 631 2189 peuple
642 2128 667 2175 ni
679 2128 720 2176 des
732 2129 832 2192 grands,

462 2201 486 2239 et
498 2194 670 2255 quelques-une

463 2267 506 2306 ont
518 2260 645 2306 recudens
657 2263 690 2307 les
700 2260 808 2323 champs‚

463 2324 574 2372 charmis

464 2391 493 2438 do
505 2392 558 2438 leur
569 2392 622 2439 bien
635 2392 775 2440 (lc-iumille.

463 2457 497 2505 Le
508 2461 585 2506 rueme
597 2459 641 2506 but
654 2459 691 2507 fut
708 2458 829 2507 icem-oi

463 2524 555 2586 qu'sux
570 2525 627 2581 tois,
911 2522 1001 2589 [chose,

463 2591 536 2651 qu’ils
558 2608 587 2637 nc
608 2598 780 2655 menquasseut
797 2606 840 2654 pes
856 2588 886 2638 ds
904 2590 1007 2653 quelque

464 2658 536 2718 qu'ils
549 2658 694 2705 n’obeissent
705 2673 748 2720 pss
760 2656 923 2720 iquelqn’uu,

464 2724 537 2784 qu’ils
549 2722 721 2787 iissent-usage
733 2725 762 2771 de
773 2725 798 2772 ln
808 2723 896 2772 liberte
908 2740 914 2772 ι

464 2789 494 2836 de
505 2790 609 2851 laquelle
623 2792 646 2838 lo
658 2806 745 2853 propre
757 2799 794 2838 est

464 2854 493 2902 de
507 2858 574 2904 vivre
584 2857 645 2905 niuei
653 2872 699 2919 que
710 2865 737 2904 tu
748 2871 819 2905 veux.

496 2922 564 2970 XXI.
579 2924 782 2985 C'cstpourquoi,

463 3003 556 3035 comme
568 2991 617 3037 ccci
629 2999 666 3037 cst
677 3006 790 3038 commun

463 3068 512 3101 nux
524 3058 619 3102 lsommss
628 3055 738 3104 desireux
754 3055 784 3104 ds
794 3057 819 3104 le
829 3055 957 3121 puisssuce

463 3135 520 3168 succ
532 3137 570 3169 ecs
584 3125 681 3170 horumce
692 3122 767 3182 cisiis,

463 3201 509 3249 que
517 3188 562 3249 j’si
574 3188 630 3247 dits,

463 3253 498 3300 les
509 3270 554 3300 uns
567 3257 679 3303 estiment

463 3323 614 3369 eux-mimos
625 3321 726 3384 ponuolr
738 3320 857 3369 utleiudro
866 3323 926 3383 cele,

463 3387 514 3436 s'ils
528 3387 655 3449 possident
667 3387 695 3435 de
704 3389 807 3451 grandes
822 3388 952 3445 richersen

463 3453 497 3499 les
507 3466 597 3507 curres.

464 3520 515 3566 e’ils
527 3531 581 3568 sont
592 3528 703 3569 contente
716 3520 774 3569 d'un
786 3524 836 3569 biso
847 3527 871 3569 et
883 3521 969 3578 boux,

464 3594 487 3633 ct
498 3588 566 3649 petit.

463 3652 500 3700 En
511 3653 566 3715 quoi
947 3652 1005 3718 [tres

463 3719 489 3766 le
500 3720 712 3769 muniere-devoir
722 3719 1004 3768 ni·des·uus-ni·des-nu-

463 3801 494 3833 ne
506 3786 558 3833 deit
566 3790 615 3834 itte
625 3788 740 3849 mlprise'e
750 3788 902 3836 nbsolumunt
915 3820 919 3827 2

463 3852 526 3899 mnis
535 3853 559 3900 ln
572 3854 608 3900 vic
622 3853 662 3899 ‹lcs
673 3857 770 3901 hommes
780 3853 849 3902 cisiis

464 3928 533 3966 estet
544 3919 599 3982 plue
611 3919 690 3979 sucilc,
706 3928 729 3970 et
737 3922 792 3984 plus
806 3922 870 3975 ultre,
