2474 4694
355 868 409 913 urs
430 866 565 925 navorum,
589 868 670 913 trrnr
688 869 721 913 u.
943 852 1000 912 att

80 999 202 1046 quumque
212 986 294 1048 aliquo
305 1000 343 1033 ree

80 1051 161 1113 ampln
172 1059 195 1098 et
210 1051 312 1099 honesta

80 1115 174 1177 objecta
184 1124 221 1166 eet
233 1117 281 1176 hin,

80 1184 198 1231 oouvertit
210 1191 273 1232 toton
283 1183 315 1231 ad
328 1198 353 1232 eo

80 1256 104 1295 et
116 1250 186 1311 rapit,

80 1321 132 1362 tum
148 1317 202 1377 quie
216 1331 264 1365 non
276 1317 409 1365 admiretur

80 1381 230 1443 splendorem

80 1447 332 1510 pulchritudinemque

80 1513 195 1562 virtutis?

111 1579 157 1629 x1.
175 1581 239 1644 Ergo

80 1650 104 1758 lt
115 1645 167 1695 lutee
178 1646 333 1712 despicientia
343 1647 417 1694 enimi

91 1713 140 1759 aoit

80 1791 195 1841 maguam
209 1779 434 1836 admirabilitatemg

81 1851 105 1891 et
116 1846 221 1893 maxime
231 1847 328 1909 justitia

81 1914 120 1965 (ex
132 1926 181 1973 qua
196 1911 283 1960 virtuto
294 1928 344 1960 unu

80 1977 232 2039 appellantur
243 1981 289 2028 viri
304 1981 371 2040 boni)

81 2043 176 2090 videtur
187 2046 337 2093 multitudini

80 2108 190 2170 quodam
203 2112 318 2169 mirifice3

80 2189 125 2222 neo
138 2175 237 2238 injuria.

80 2240 157 2288 Nemo
168 2242 232 2290 euim

81 2316 157 2368 potest
167 2323 218 2356 aare
226 2309 319 2371 juratur,

80 2374 122 2433 qui
137 2375 205 2422 timet
218 2384 328 2433 mortem,

80 2440 122 2500 qui
135 2440 250 2499 dolorem,
262 2443 303 2504 qui
312 2442 435 2500 exotium,

80 2508 121 2566 qui
134 2515 269 2569 egestatem,

81 2578 124 2619 aut
135 2573 177 2634 qni
192 2574 316 2636 anteponit
328 2572 437 2636 equitati

80 2652 135 2698 qua
145 2649 203 2685 eunt
214 2641 336 2687 contraria
344 2639 391 2687 hie.

80 2702 287 2767 Admiranturque
299 2708 404 2753 maxime

81 2784 135 2816 eum
148 2772 248 2832 quinon
261 2781 370 2819 movetur

81 2838 195 2898 peounie;

81 2902 146 2964 quod
160 2904 185 2950 in
199 2918 246 2965 quo
259 2905 320 2963 viro,

81 2978 229 3031 perepootum
242 2970 282 3025 sit,

82 3035 231 3082 arbitrantur
241 3034 307 3084 huno

82 3109 213 3162 spectatum
226 3103 287 3164 igni.

81 3165 165 3228 ltaque
177 3168 274 3230 justitia

82 3232 178 3281 coulioit
189 3235 271 3281 ornnia
281 3234 324 3281 illa
333 3233 380 3281 tria

82 3312 136 3359 quae
148 3301 270 3362 proposita
283 3309 339 3347 eunt

82 3366 113 3412 ad
125 3367 228 3429 gloriam
239 3383 246 3413 r

82 3440 107 3479 et
116 3434 316 3488 benevolentiam,

82 3497 146 3560 quud
159 3500 211 3547 vult
223 3500 333 3562 prodoaae

82 3565 208 3626 plurinum

82 3640 116 3684 ot,
129 3631 160 3678 ob
169 3630 275 3678 eamdem
287 3645 395 3687 cuneum,

82 3696 152 3744 tidem
162 3715 168 3751 3

82 3771 106 3811 ot
116 3764 312 3822 admirationem,

83 3830 149 3891 quod
158 3833 249 3891 apernit

83 3905 106 3943 et
116 3897 220 3958 negligit
232 3910 271 3941 eae
282 3910 330 3949 roa,

462 990 486 1032 et
496 1002 544 1044 quo,
561 985 657 1048 loroque
668 984 770 1048 quelque
784 984 855 1035 eheu

462 1050 609 1114 megnilique
619 1060 643 1098 et
653 1051 757 1100 honntte

461 1131 477 1163 a
487 1120 524 1165 ete
536 1116 644 1165 offertut
657 1133 715 1173 eux,
916 1116 1002 1183 [tuturo

460 1192 515 1232 cette
526 1185 589 1231 ultore
606 1191 692 1232 tourne
703 1184 858 1232 tout-entiam
877 1198 931 1232 vera
941 1183 1002 1231 elle·

461 1260 485 1298 et
495 1253 613 1306 entratuo,

462 1319 525 1365 aloru
537 1318 579 1380 qui
591 1316 757 1366 u'admiramit

461 1385 541 1432 l'e'elet

462 1459 485 1497 ot
499 1451 524 1498 la
535 1449 620 1497 beante

462 1515 490 1563 de
500 1516 526 1563 la
535 1514 624 1564 vertul

494 1582 539 1631 x1.
557 1582 627 1632 Dono

460 1656 483 1696 et
495 1664 522 1697 ee
533 1650 621 1712 mdpria
636 1647 665 1696 de
675 1648 746 1696 l'dme

460 1715 506 1763 tait
517 1716 633 1778 (produit)

461 1798 494 1830 uu
504 1781 583 1844 grand
594 1779 934 1845 penohnnt·‘a-l'edmiratiou;

462 1856 486 1895 et
496 1855 591 1896 eurtout
602 1849 627 1895 la
637 1849 726 1908 justice

462 1914 567 1978 (d’nprea
578 1914 682 1977 laquelle
692 1920 759 1962 verta
768 1912 834 1960 reule

462 1987 518 2029 eont
530 1983 625 2044 appeler
636 1979 671 2028 lea
684 1980 792 2027 hommae
802 1979 906 2038 dabien)

462 2047 552 2095 eemblo
562 2049 578 2096 d
588 2047 613 2094 la
622 2047 752 2095 multitude

463 2128 510 2160 une
520 2115 624 2160 oertaine
635 2122 699 2160 verta
707 2111 887 2164 merveilleueez

462 2187 485 2226 et
497 2194 544 2226 non
559 2180 575 2225 d
586 2186 643 2226 tort.

463 2245 583 2293 Peraonne
592 2260 622 2291 en
633 2243 689 2292 affet

463 2326 493 2358 ne
504 2319 561 2374 peut
576 2312 626 2359 etro
637 2310 712 2372 juste.

462 2378 504 2439 qui
516 2377 594 2424 oreint
607 2377 632 2423 ln
642 2384 715 2430 murt.

463 2445 505 2504 qui
517 2447 591 2490 ordint
603 2442 628 2488 lu
640 2442 751 2497 doulam,
762 2440 804 2502 qui
815 2445 888 2488 matut
898 2438 976 2497 l'exil,

462 2510 504 2570 qui
517 2514 591 2556 ordint
601 2508 627 2555 le
638 2509 759 2570 pauvrete.

463 2591 495 2623 ou
505 2576 546 2636 qui
558 2575 711 2636 place-avaut
721 2572 818 2634 l'dquitd

463 2640 498 2688 lea
509 2641 593 2688 eborae
602 2640 644 2701 qui
656 2646 712 2687 nont
719 2640 852 2687 oontrairee
861 2636 1001 2685 duellae-ot.

463 2706 494 2754 Et
505 2708 536 2753 ila
548 2705 668 2753 admirent
679 2706 702 2752 le
713 2706 767 2768 plue

463 2773 526 2820 celui
539 2772 580 2834 qui
595 2772 656 2819 u’eat
669 2786 712 2834 par
724 2773 780 2818 otuu

464 2853 508 2901 par
523 2839 642 2902 l'nrgent3

463 2919 535 2967 pareo
543 2918 590 2967 quo
602 2906 705 2951 t'tomme
715 2902 776 2951 dana
786 2902 864 2964 lequel
875 2900 971 2949 homme

463 2974 512 3019 cetu
526 2985 541 3019 a
557 2972 595 3017 dte
606 2970 741 3028 decumam,

463 3035 496 3085 ile
506 3036 618 3084 estiment
631 3037 729 3084 oelui-oi

463 3104 567 3166 dprouvd
580 3118 624 3165 per
635 3102 657 3148 le
668 3102 715 3149 len.

463 3168 663 3233 C'eet-pourquoi
673 3169 697 3215 la
705 3168 794 3231 jurtioa

463 3237 580 3299 eomplete
595 3235 696 3297 (tonuit)
707 3241 785 3282 tortae
798 3246 838 3281 oea
850 3231 910 3281 troie
920 3230 1005 3281 ohoeea

464 3302 507 3363 qui
520 3307 564 3351 out
572 3302 610 3348 ete
620 3301 744 3363 proportior

463 3383 525 3431 pour
534 3368 560 3416 la
570 3366 666 3431 gloire=

464 3441 488 3481 ot
499 3434 524 3481 le
535 3432 714 3492 birundinum,

464 3513 535 3562 paroa
547 3498 634 3561 qu'otlo
646 3507 701 3545 veut
712 3497 830 3546 ttroutile

465 3580 514 3613 aux
525 3565 580 3627 plur
592 3566 727 3613 nombreux
737 3567 847 3626 poectum

464 3640 495 3745 pt,
504 3646 573 3746 lpgrur
584 3631 610 3744 l}
618 3634 694 3708 mdme
706 3630 783 3689 motis,

475 3713 489 3744 a
536 3711 593 3744 nue-
607 3711 647 3753 or;

465 3772 489 3810 et
499 3763 672 3818 l’admiration.

465 3844 536 3891 parco
551 3829 638 3891 qn'elle
649 3826 766 3890 dddeigne

467 3904 490 3942 et
503 3897 600 3957 neglige
612 3909 650 3941 eea
663 3892 757 3954 ultores,

84 3962 115 4008 ad
125 3976 185 4022 qnae
195 3962 303 4024 plorique
311 3960 441 4023 rapiuntur
467 3975 519 4008 rore
530 3960 657 4022 lesquellee
667 3960 692 4007 la
702 3960 798 4021 plupart
806 3964 862 4005 sont
870 3958 991 4006 antralude

85 4026 228 4074 inflammati
240 4027 363 4074 ariditate.

466 4026 604 4074 unumne·
615 4025 644 4073 de
655 4024 768 4085 oupiditti.
