2474 4694
132 746 169 804 ὃς
431 729 467 773 ns
487 726 608 773 orrtcus
629 726 711 773 tinea
732 726 752 773 t.

131 848 280 915 dicebatur,
296 861 376 919 quent
395 859 467 898 nune
481 842 651 915 peregrinum
665 839 790 897 dicimus.
810 839 936 897 Indicant
946 840 1053 896 duode-

128 972 180 1011 orm
189 953 316 1010 Tabulae:
330 955 402 1007 «dut
413 958 500 1007 status
509 950 569 1005 dies
577 948 761 1015 errrnhostea;
776 948 912 1020 itemquo:
925 949 1052 1003 ‹ariver-

129 1078 176 1116 sus
185 1060 289 1115 hostem
300 1066 401 1113 retorna
410 1057 569 1111 auctoritas.
581 1074 593 1107 a
606 1053 676 1123 Quid
687 1054 719 1109 ad
733 1054 803 1110 huno
812 1053 1052 1109 mansuetudinem

128 1166 193 1225 addi
215 1165 329 1238 potest?
343 1181 414 1233 eum,
435 1165 544 1236 quicum
567 1162 636 1218 bella
657 1179 746 1235 geras,
769 1170 824 1216 tarn
847 1159 920 1215 molli
942 1159 1053 1214 nomine

127 1270 259 1346 appellari
271 1275 284 1324 t
295 1286 453 1342 quanquam
472 1269 497 1324 id
519 1285 616 1325 nonren
631 1269 726 1323 durius
740 1270 795 1339 jann
814 1266 903 1323 ederit
918 1271 1049 1319 vetustas.

128 1380 151 1435 A
164 1378 304 1450 peregrino
317 1378 388 1431 eninr
400 1376 522 1441 recessit,
537 1384 564 1432 et
577 1376 684 1450 proprie
700 1377 726 1430 in
742 1390 783 1440 eo,
797 1372 845 1447 qui
858 1376 954 1429 eontra
970 1370 1052 1426 lerret

127 1498 212 1549 arma,
229 1482 369 1539 remansit.

161 1587 250 1659 Quum
260 1602 325 1642 vero
338 1584 372 1640 de
385 1584 499 1655 imperio
510 1584 664 1640 decertatur
674 1584 800 1656 belloque
814 1582 943 1656 quaeritur
955 1583 1049 1655 gloria,

126 1708 225 1749 causas
249 1693 357 1748 omnino
377 1693 493 1748 subesse
519 1701 608 1748 tamen
629 1701 734 1767 oportet
755 1693 878 1759 easdem,
904 1707 972 1763 quas
995 1690 1049 1745 dixi

126 1798 207 1871 paulo
225 1804 287 1855 ante
298 1798 388 1869 justes
403 1812 502 1852 causes
514 1813 573 1853 esse
585 1797 727 1855 bellorum.
743 1797 796 1855 Sed
810 1813 841 1852 eu
856 1795 935 1864 bella,
950 1796 1051 1868 quibus

128 1907 234 1984 imperii
251 1907 335 1979 gloria
355 1907 492 1979 proposita
507 1913 558 1975 est,
576 1908 665 1963 minus
685 1907 782 1965 acerbe
798 1908 916 1978 gerenda
929 1914 1001 1962 sunt.
1016 1908 1051 1963 Ut

126 2016 196 2073 enirn
206 2030 290 2087 quunr
300 2013 416 2069 civiliter
424 2013 621 2081 contendimus,
631 2014 717 2084 aliter,
728 2017 750 2070 si
765 2024 806 2071 est
816 2014 948 2083 inimicus,
960 2014 1048 2082 alitor,

125 2122 149 2180 ei
162 2122 341 2196 competitor;
357 2136 419 2175 cunr
429 2121 514 2177 altero
530 2128 666 2177 certamen
681 2121 791 2178 honoris
805 2128 832 2177 et
844 2120 983 2193 dignitatis
994 2128 1047 2185 est,

124 2243 186 2284 eam
198 2228 280 2285 altere
292 2225 389 2300 eapitis
404 2234 432 2283 et
446 2227 523 2283 tarnae
538 2245 544 2282 :
558 2228 599 2283 sio
612 2244 673 2282 cunr
688 2226 841 2296 Celtiberis,
856 2242 918 2283 curn
935 2225 1050 2282 Cimbris

124 2432 238 2487 leolam.
253 2432 304 2483 Noe
315 2440 390 2497 peres.
407 2433 512 2493 enodet,
531 2434 666 2498 appelaient
681 2435 750 2481 dortr'r
766 2432 827 2481 oelul
845 2448 891 2495 que
902 2448 965 2481 noue
978 2450 1049 2483 nour-

122 2531 502 2591 mouatuttintenantnereorr‘nue.
520 2528 558 2579 On
569 2532 598 2578 lit
608 2530 667 2577 dans
679 2530 713 2577 les
729 2531 813 2579 Douze
824 2530 916 2579 Tables
930 2545 936 2578 ε
952 2550 963 2572 s
976 2530 1048 2596 S'ily

122 2626 205 2691 ajout
214 2627 265 2692 pria
275 2641 332 2675 ttveo
343 2626 484 2691 l'dtrenger‚
498 2647 508 2671 ι
523 2643 573 2675 eum
586 2630 654 2676 lrorte.
668 2627 699 2677 Et
708 2628 808 2675 eilleure
821 2644 826 2673 :
844 2645 855 2670 ι
868 2626 901 2675 Le
910 2626 975 2675 droit
987 2628 1047 2676 sub·

120 2724 179 2775 utne
188 2726 299 2789 touJ'oure
310 2729 393 2771 contre
404 2724 543 2787 l’dtrunger.
557 2744 567 2768 n
582 2728 687 2772 adoerius
697 2727 791 2772 hostem.
804 2724 877 2773 Est-il
891 2724 943 2772 rien
952 2724 981 2771 de
991 2725 1048 2788 plur

121 2818 224 2872 laumelu
237 2837 284 2886 que
297 2820 326 2867 de
340 2818 431 2868 donner
445 2837 477 2868 un
493 2836 551 2870 uorn
563 2822 583 2869 oi
596 2821 691 2870 mode're'
709 2824 724 2868 t
744 2823 805 2869 celui
824 2823 865 2884 qui
882 2838 944 2869 nous
961 2821 1007 2870 snit
1022 2822 1048 2870 la

118 2915 384 2981 prorumpendum,
399 2918 487 2964 aueole
500 2926 585 2981 tempe.
603 2932 629 2965 ee
647 2934 703 2966 nom
716 2933 730 2965 e
749 2918 798 2981 prio
810 2918 913 2979 quelque
930 2917 1002 2966 chose
1017 2918 1047 2967 de

117 3014 177 3079 plue
190 3014 255 3064 dure
271 3015 289 3062 il
304 3030 319 3061 u
330 3013 394 3060 oessd
409 3013 437 3060 de
450 3013 561 3077 designer
573 3015 712 3077 l'etranger,
726 3021 750 3061 et
763 3029 794 3062 ne
806 3030 830 3062 ee
843 3015 877 3061 dit
890 3014 945 3077 plus
957 3029 1004 3077 qno
1017 3014 1047 3063 de

116 3108 182 3161 ultal
195 3112 237 3175 qul
250 3120 318 3176 porte
331 3111 366 3158 les
378 3125 457 3157 ermes
471 3118 554 3157 oontre
567 3126 637 3158 nous.

151 3202 215 3255 tor·
229 3209 306 3256 meme
318 3207 391 3270 qn'on
403 3206 465 3253 lutto
480 3223 540 3269 pour
552 3207 577 3254 ln
589 3208 744 3270 suprematie,
759 3216 782 3255 et
794 3222 840 3272 que
852 3208 876 3255 la
888 3208 965 3271 gleire
975 3218 1012 3258 est
1022 3211 1047 3261 le

114 3294 163 3349 tut
176 3300 208 3349 de
218 3302 244 3352 le
254 3318 349 3367 guerre,
370 3304 388 3349 il
408 3304 470 3350 n'est
484 3320 526 3366 pas
546 3306 625 3352 rnoina
635 3305 814 3368 indispensuble
827 3304 920 3353 d'avoir
932 3321 963 3352 un
979 3307 1047 3367 eujet

114 3390 229 3455 &ltltne
247 3410 340 3447 oornrne
361 3413 422 3445 ceux
438 3397 497 3447 dont
514 3399 539 3460 je
560 3401 628 3447 viena
650 3400 679 3447 de
695 3401 783 3464 parler.
797 3400 897 3449 D'autre
917 3412 980 3464 part,
997 3418 1046 3452 une

110 3496 205 3551 Μ
216 3488 249 3539 de
262 3502 325 3542 cette
345 3504 430 3542 nature
448 3495 500 3544 doit
515 3498 564 3544 etro
578 3497 692 3546 eonduite
709 3513 766 3546 aree
784 3499 863 3545 moine
880 3498 1042 3549 d'enirnositd.

112 3576 185 3635 Ν
196 3582 235 3633 lu
246 3586 319 3637 luttos
339 3591 431 3647 ciuiles,
446 3606 477 3639 on
497 3603 655 3657 ser-ornporte
676 3593 853 3641 differrmrnent
870 3610 929 3643 aueo
950 3610 983 3642 un
999 3610 1044 3643 en·

104 3674 284 3732 unta-veo
303 3701 337 3733 un
359 3691 536 3749 eompdtrteur:
553 3691 633 3738 irl'un
647 3707 678 3739 on
698 3691 793 3754 dispute
813 3706 860 3737 une
879 3691 979 3755 dignitd,
995 3707 1045 3741 uuo

103 3768 305 3838 *muru
325 3793 408 3830 contre
429 3784 517 3833 l'nutre
536 3801 567 3834 on
590 3787 676 3835 defend
694 3804 720 3835 sa
744 3790 790 3850 uio,
812 3804 856 3835 son
869 3787 988 3837 lronneur.
1007 3787 1044 3835 De

102 3862 189 3917 *0
201 3880 268 3921 Ιοιιι
280 3890 356 3926 avone
379 3877 424 3927 tait
437 3880 461 3929 la
476 3897 564 3946 guerro
581 3898 630 3932 eux
646 3884 801 3935 celtibertens
820 3894 843 3935 et
864 3900 912 3933 aux
933 3884 1044 3934 Cimbros
