2364 4634
124 789 180 845 5²10
405 800 443 845 or
463 800 581 847 orrtcue
601 801 686 847 ttuer
705 800 758 853 111.

120 915 293 969 emolumenti
308 914 349 967 sui
373 928 466 979 ceusu,
488 914 635 981 criminari,
656 916 826 991 preripere,
852 920 977 981 fellere?
996 928 1060 983 Nini.

121 1020 240 1089 protecto
251 1018 350 1071 minus.
367 1018 414 1073 Est
426 1034 490 1089 ergo
504 1018 559 1073 ullu
571 1036 614 1075 res
628 1022 697 1077 tanti
711 1030 765 1077 aut
778 1028 969 1087 commodum
982 1032 1061 1085 ultum

121 1134 174 1179 tum
189 1125 378 1195 expetendum.
396 1134 426 1178 ut
439 1126 489 1178 viri
504 1125 607 1181 boniet
621 1124 799 1196 splendorem
814 1140 847 1187 et
862 1150 970 1193 nornen
983 1139 1060 1192 aurit·

121 1232 179 1283 tns‘?
194 1230 264 1297 Quid
288 1236 329 1283 cst
348 1229 420 1298 cutrnd
441 1230 538 1285 offerre
553 1236 657 1285 tanturn
680 1232 788 1289 utititas
806 1234 864 1293 iste
881 1256 950 1311 quae
964 1242 1059 1297 dieitur

120 1336 214 1405 possit,
229 1342 359 1405 otrentum
373 1333 487 1402 auterre,
501 1334 525 1388 ei
540 1332 604 1389 boni
619 1333 670 1389 viri
687 1350 790 1392 nornen
806 1340 963 1415 eripuerit,
981 1345 1056 1399 fidem

118 1444 306 1514 justitiamque
317 1442 481 1496 detraxerit?
493 1441 563 1510 Quid
580 1443 653 1499 onim
665 1444 780 1500 interest
793 1456 895 1504 utrum
905 1466 939 1506 ex
949 1450 1055 1509 homine.

120 1566 148 1603 se
162 1557 300 1603 convertat
310 1551 371 1619 quin
385 1550 411 1602 iu
424 1549 552 1617 unttuam,
567 1566 601 1605 ttn
614 1547 733 1604 hominio
744 1548 835 1621 figure
850 1552 1053 1612 immunitatem

120 1665 196 1725 geret
209 1659 328 1711 beilum?

156 1763 229 1817 xxt.
240 1762 328 1830 Quid?
340 1763 385 1833 cuni
396 1763 483 1816 omniu
494 1770 566 1817 rectu
577 1771 603 1816 et
612 1761 725 1816 honeste
735 1764 895 1835 negligunt,
906 1768 1051 1825 dummodo

120 1871 268 1941 potentiani
283 1876 492 1939 consequantur,
516 1884 605 1923 nonne
628 1866 699 1922 idem
720 1867 827 1924 iaciunt
851 1874 934 1943 quod
959 1878 984 1932 is
1007 1880 1048 1949 qut

120 1978 200 2030 ctiam
208 1993 330 2031 socerum
346 1978 445 2032 habere.
454 1976 538 2031 voluit
547 1976 639 2044 eum',
653 1976 732 2047 cujus
744 1975 803 2047 ipse
816 1979 940 2036 audacie
956 1994 1049 2054 potens

121 2083 212 2137 esset?
227 2084 294 2139 Utiio
312 2084 336 2137 oi
350 2083 491 2139 ridebatur
504 2082 648 2154 plurimum
662 2098 743 2154 poseo
757 2081 876 2139 ulterius
890 2086 1007 2145 invidio.
1021 2091 1047 2145 id

120 2205 201 2259 quam
218 2190 342 2261 injustum
363 2188 530 2260 innutriunt,
554 2204 636 2259 quam
654 2188 757 2257 inutile,
772 2205 856 2262 quotu
873 2199 956 2267 turpe
968 2206 1046 2263 esset,

121 2310 173 2347 non
188 2293 304 2349 ridebat.
321 2296 379 2364 ipsu
400 2302 490 2349 eutem
504 2310 582 2350 socer
593 2293 622 2349 in
635 2310 681 2351 ore
699 2311 807 2367 temper
818 2297 937 2357 Grecos
953 2319 1048 2358 versus

122 2550 197 2599 Est-il
208 2550 265 2596 d'un
277 2548 372 2595 homme
383 2547 411 2594 de
419 2548 473 2593 bien
488 2546 517 2595 de
527 2548 615 2595 mentir
625 2564 687 2611 pour
697 2564 740 2597 ron
751 2548 847 2601 inroret.
859 2550 891 2600 de
901 2556 1045 2613 calumnier,

121 2650 150 2697 de
162 2659 276 2713 tromper.
290 2650 409 2696 d'enlever
427 2665 474 2696 nttx
496 2656 577 2697 etntreu
589 2665 615 2697 ee
629 2652 669 2712 qui
684 2651 736 2699 leur
748 2653 905 2714 appertieut?
928 2657 986 2706 Nou
1004 2676 1047 2722 pen

120 2754 276 2799 erenriment.
290 2751 374 2810 Quelle
388 2752 476 2801 utilite.
492 2751 546 2813 quei
566 2761 687 2815 uvnntnge
704 2767 866 2816 ponere-rouo
879 2755 948 2807 done
958 2760 1047 2823 jamnis

121 2851 210 2897 deeirer
223 2851 338 2912 junqu'uu
364 2851 432 2912 point
457 2850 485 2897 de
502 2850 617 2907 onorifice,
636 2867 696 2914 pour
710 2870 727 2916 y
743 2855 864 2916 parvenir,
877 2856 964 2908 l'duirtt
983 2870 1010 2910 et
1027 2863 1047 2908 ie

121 2968 177 2999 noun
190 2952 318 3000 dhonnete
329 2950 443 2999 homme?
456 2952 508 3012 Que
524 2967 584 2999 rour
600 2960 727 3015 opportere
741 2962 801 3003 oette
814 2958 950 3019 pretendue
967 2964 1048 3011 utilite

120 3054 161 3114 qui
185 3053 265 3114 purione
283 3070 422 3118 eompenrer
441 3069 487 3100 une
506 3053 563 3102 telle
578 3062 657 3117 porte,
676 3056 735 3103 celle
748 3055 777 3103 de
788 3056 814 3104 le
824 3055 914 3119 justice
934 3068 961 3109 et
975 3061 1007 3110 de
1024 3064 1048 3112 le

121 3152 229 3216 probitci'?
251 3153 336 3213 Queile
356 3154 482 3202 diddrence
494 3170 512 3218 y
525 3155 590 3202 neit
603 3155 676 3202 d'dtre
691 3155 786 3219 eheugd
804 3172 833 3203 eu
845 3157 899 3206 bete
910 3160 1002 3221 ie'rooe,
1017 3176 1047 3209 ou

122 3254 174 3301 d'en
188 3253 273 3302 eucher
285 3269 341 3301 noue
351 3268 398 3301 uno
414 3254 492 3315 figure
501 3254 617 3303 homnine
628 3263 694 3304 toute
704 3258 730 3304 le
743 3254 860 3305 sdreeitd?

153 3356 221 3405 xxt.
237 3356 302 3405 ceux
314 3356 354 3418 qui
369 3372 398 3402 uo
408 3356 562 3405 considerent
573 3359 598 3405 ui
610 3358 635 3405 lu
642 3358 732 3420 justice
744 3358 769 3405 ni
779 3357 936 3417 l'honndtetd.
950 3377 1048 3424 pourvu

120 3459 192 3520 qu'ilr
203 3461 341 3520 nequierunt
351 3458 382 3505 du
393 3460 503 3521 poureir,
517 3475 547 3507 ne
561 3460 656 3508 sont-iis
669 3475 712 3521 pes
723 3474 816 3507 comme
827 3458 891 3507 eelui
902 3461 946 3522 qui
960 3465 1049 3512 voulut

120 3563 169 3607 &tre
187 3561 209 3608 le
224 3560 314 3623 gundre
331 3560 388 3608 d‘un
406 3560 503 3609 homme
521 3562 580 3609 dont
598 3561 705 3608 l'uudece
723 3561 823 3623 pouvuit
840 3561 862 3608 le
880 3561 972 3612 rendre
992 3567 1049 3629 pius

121 3661 246 3724 petierant?
257 3663 278 3711 11
289 3664 323 3711 lui
336 3664 447 3712 eembieit
459 3665 517 3712 ntiie
529 3663 558 3711 de
568 3662 704 3727 r'ngreudir
716 3660 797 3710 tendis
806 3661 881 3724 qu'uu
891 3670 964 3711 outre
976 3681 1049 3728 pren·

121 3761 185 3812 dreit
198 3780 240 3811 eur
258 3768 293 3812 eoi
310 3774 363 3814 tout
380 3767 500 3823 l'odieux;
518 3765 580 3813 moin
595 3766 613 3813 il
633 3779 664 3813 uo
680 3766 762 3828 voyeit
780 3779 822 3827 per
838 3763 917 3825 quelle
931 3763 1017 3828 injure
1030 3770 1048 3816 il

122 3866 202 3912 iuireit
214 3882 258 3929 por
271 3867 296 3914 ld
308 3870 322 3914 d
335 3883 361 3914 en
372 3870 456 3929 patrie,
470 3875 494 3915 et
505 3868 615 3915 corubien
626 3874 687 3915 eetto
698 3865 811 3914 eonduite
823 3867 882 3914 eruit
893 3865 1048 3929 deugereuee

118 3972 142 4011 ut
157 3966 277 4013 contenire
294 3970 308 4012 t
325 3967 477 4015 l'houndtetd.
493 3972 558 4017 Pour
574 3968 597 4015 le
608 3968 742 4031 beronem,
758 3968 774 4014 il
785 3967 851 4014 nvait
865 3967 976 4029 toujours
993 3972 1008 4017 d
1027 3971 1053 4017 la
