2474 4694
403 770 457 818 nas
475 771 610 829 urtone,
628 771 713 818 ntvua
732 768 777 818 sn.
995 759 1055 818 tro

133 888 278 940 honestatus
288 891 447 955 relinquenda
457 895 490 941 sit
515 893 536 940 ai
545 891 692 943 l'honuetetl
703 890 755 939 doit
762 893 813 940 &trs
823 889 1013 941 tuimetootoo

132 966 230 1021 propter
240 958 433 1022 magnitudinem

134 1024 248 1073 utilitatis

131 1093 198 1151 (uum
213 1091 238 1138 id
252 1091 349 1155 quidem

132 1168 169 1205 est
180 1158 338 1221 improbum),

132 1224 173 1271 aod
184 1223 256 1282 illud,

132 1290 189 1338 idne
201 1290 265 1354 quod
276 1290 386 1340 ridentur
397 1293 456 1340 utils

132 1358 208 1419 possit
218 1357 270 1404 fieri
281 1373 330 1406 uou
342 1360 454 1422 turpiter.
472 1415 475 1421 Ι

131 1422 213 1484 Quum
224 1423 316 1472 Brutus

131 1491 267 1553 abrogabat
283 1491 411 1554 imperium

133 1555 257 1604 Collatino
271 1557 406 1622 Tarquinio

131 1623 241 1686 collegae,

132 1698 227 1751 poterat
237 1688 312 1737 videri

131 1755 211 1804 fucere
220 1755 246 1804 id
254 1756 360 1818 injusta:

131 1821 212 1870 suerat
220 1822 285 1870 enim
297 1824 378 1871 sooina
390 1823 459 1872 Bruti

131 1889 157 1936 in
170 1889 317 1950 expellendis
330 1890 438 1954 regibus,

131 1967 156 2002 et
168 1957 241 2004 etiam

131 2021 229 2083 adjutor
241 2023 409 2071 consiliorum.

131 2087 214 2147 Quum
226 2099 306 2137 autem
318 2090 439 2152 principes

130 2154 251 2217 oapisseqt
260 2155 305 2204 hoo
315 2156 453 2214 eonsilium,

130 2222 300 2283 cognationem
312 2222 423 2285 Superbi.

130 2302 267 2351 nomenque
275 2289 472 2352 Tarquiniorum,

130 2362 156 2401 et
167 2357 309 2403 memoriam
321 2356 390 2419 regui

131 2420 264 2469 tollendum
276 2437 334 2475 esse.

130 2487 258 2548 quoderat
270 2488 329 2537 utile
338 2489 423 2552 petria

131 2555 268 2609 consulere,

130 2620 157 2667 id
169 2630 221 2668 erut
231 2621 266 2668 itu
277 2620 415 2678 honestum,

131 2694 160 2733 ut
171 2686 267 2735 deberet
280 2688 375 2750 plaeere

130 2755 204 2800 etiam
221 2753 341 2801 Collatino
355 2753 410 2816 ipsi.

131 2818 216 2881 ltaque
225 2821 319 2867 utilitas
330 2821 408 2867 voluit
434 2864 437 2871 .

131 2894 228 2949 propter
239 2885 399 2943 honestatem,

131 2955 184 3000 sins
196 2967 245 3014 qna

132 3035 177 3067 neo
193 3020 286 3066 utilitas
299 3019 396 3082 quidem

132 3086 251 3149 potuisset
261 3101 321 3134 esse.

131 3156 166 3200 nt
180 3167 230 3199 non
244 3153 280 3200 ita

131 3221 158 3267 iu
169 3233 197 3265 eo
205 3233 263 3281 regu

131 3286 174 3347 qni
186 3284 296 3333 condidit
309 3285 403 3332 urbem.

131 3351 227 3414 Species
234 3353 298 3399 enim
310 3351 423 3400 utilitatis

132 3417 231 3480 impulit
242 3419 349 3466 animum
363 3420 429 3480 ejns;

131 3501 171 3533 cni

132 3567 208 3613 quum
224 3552 303 3599 visum
315 3559 377 3598 esset
389 3552 473 3598 utilius

132 3632 235 3678 regnare
245 3618 324 3664 solum

131 3701 205 3747 quarn
218 3700 273 3731 oum
288 3684 372 3739 altero,

131 3752 254 3799 interemit
265 3749 374 3797 fratrem.

131 3817 179 3866 liic
189 3818 271 3866 omisit

131 3891 156 3932 et
167 3884 279 3947 pletatem

131 3958 157 3998 at
172 3950 356 4003 humanitatem,

513 958 655 1008 bouuse-de
666 958 691 1005 lu
705 959 827 1022 grandsut

514 1024 544 1073 de
554 1025 653 1073 l’utiliu

513 1096 565 1154 (ear
575 1095 625 1141 oeci
637 1095 651 1140 i
662 1091 688 1140 la
700 1092 774 1140 veriti

514 1168 551 1205 est
564 1157 870 1222 contrairetloprobits),

515 1225 577 1272 matis
587 1225 648 1280 oela.

515 1292 535 1338 si
545 1306 572 1339 oe
583 1292 625 1355 qui
638 1291 729 1339 semble
739 1292 799 1340 utils

515 1365 572 1419 peut
582 1373 607 1405 ss
617 1356 678 1406 faire
688 1373 737 1406 uou
748 1357 939 1408 honteusemeut.

515 1423 624 1487 Lorsque
638 1425 728 1473 Brutus

515 1491 609 1539 retirsit
622 1491 644 1538 le
656 1490 865 1541 commendemeut

514 1557 646 1606 acollatin
659 1557 768 1621 Tarquiu

515 1638 557 1670 rost
566 1623 685 1687 eollegus‚

516 1691 534 1736 il
547 1690 647 1751 pouvait
657 1694 762 1752 parattre

515 1756 575 1803 faire
586 1757 639 1803 oela
651 1757 824 1819 injustementr

514 1838 556 1870 our
570 1823 589 1870 il
600 1823 666 1871 aruit
676 1825 714 1872 ste
727 1825 836 1873 l’ttssooiei
846 1824 876 1873 de
884 1825 976 1874 Brutus

514 1905 543 1937 en
554 1888 669 1938 ohassunt
679 1890 715 1938 les
726 1891 785 1949 ruis,

514 1964 539 2005 et
550 1954 579 2003 de
590 1955 646 2019 plus

516 2023 589 2070 l'uitle
600 2021 631 2070 sle
644 2039 677 2071 sss
687 2022 802 2073 desseins.
1001 2076 1005 2081 ,

515 2088 577 2136 Meis
588 2103 682 2138 comme
692 2090 727 2140 ias
738 2091 974 2155 premiers-oitoyeus

514 2155 611 2204 avaient
622 2156 672 2219 pris
683 2165 744 2205 oette
753 2155 895 2219 resolution,

514 2222 539 2269 la
550 2224 648 2284 putante
660 2222 688 2269 de
700 2224 831 2285 Tarquinio
844 2224 959 2288 Superbe,

514 2296 539 2335 et
551 2289 574 2336 le
587 2303 642 2335 nom
656 2287 698 2336 des
711 2290 842 2352 Tarquitus,

516 2361 539 2401 et
552 2355 576 2400 la
586 2355 700 2402 memoire
714 2355 743 2403 de
757 2358 781 2404 lu
792 2358 893 2419 royaute'

515 2419 597 2467 devoir
608 2421 657 2468 atre
670 2421 759 2484 abolie,

516 2501 542 2533 ee
553 2486 614 2548 qu'il
624 2488 684 2534 etuit
695 2488 755 2536 utile
766 2490 781 2536 l
792 2489 816 2537 lu
827 2488 904 2552 putris

515 2552 544 2600 (le
555 2552 678 2612 resoudro,

514 2619 568 2666 cels
578 2620 638 2667 e'tait
646 2620 771 2670 tellement
779 2619 894 2682 hountte,

516 2700 562 2748 que
572 2690 619 2733 celo
631 2686 710 2734 deruit
721 2687 798 2748 plaire

516 2753 593 2800 memo
603 2752 731 2801 'uCollutin
745 2753 876 2804 lui-mimo.

515 2818 712 2882 C'ast-pourquoi
727 2820 825 2869 l'utiliu's
839 2823 960 2871 sut-ioroo

516 2886 657 2933 it-oausu·ds
672 2886 824 2946 l’lronuetete',

514 2967 572 2999 suns
584 2952 688 3014 laquelle

515 3033 558 3080 pas
570 3020 647 3066 meme
659 3020 738 3068 utilite
842 3039 843 3042 ¹

515 3085 622 3133 n'aurait
632 3101 664 3148 pu
676 3087 774 3135 existet.

516 3151 577 3199 lllsis
589 3156 608 3198 il
621 3151 673 3199 n’sn
684 3158 720 3216 {at
732 3169 775 3217 pas
787 3153 850 3202 ainsi

516 3217 613 3266 denseo
625 3219 660 3266 roi

516 3286 557 3345 qni
571 3285 645 3332 londa
654 3286 680 3334 lu
693 3285 759 3333 ville.

517 3351 552 3398 En
563 3350 619 3399 effet
631 3367 679 3399 une
688 3367 821 3415 apperenee
831 3351 936 3401 d'urilite

516 3417 650 3465 ‹litermina
658 3418 750 3482 l'ssprit
761 3418 790 3466 de
799 3419 834 3467 lui
843 3436 850 3476 ς

516 3485 604 3546 auquel

516 3565 608 3597 comme
620 3551 636 3598 il
650 3552 716 3599 aruit
727 3566 787 3615 paru
800 3552 855 3615 plus
867 3553 928 3601 utile

515 3616 544 3664 <le
556 3618 641 3679 regnet
650 3619 703 3666 seul
896 3663 899 3671 .

516 3697 562 3744 que
571 3686 598 3730 de
609 3685 690 3743 sequor
698 3698 756 3732 eveo
768 3699 802 3733 uu
811 3691 889 3739 autre,

516 3750 533 3796 il
545 3748 651 3812 lit-perir
661 3767 702 3799 sou
714 3752 792 3799 frere*
953 3763 956 3768 '

515 3816 614 3864 Celuioi
626 3816 765 3878 (Romulus)
777 3833 792 3865 u
802 3815 894 3866 mis-tle
908 3814 962 3865 ώιο

516 3891 539 3928 et
550 3882 574 3929 lu
586 3885 647 3945 piite
657 3887 788 3944 {rotemells

516 3957 540 3996 at
551 3949 704 4006 l'lrumanitl.
