2474 4694
410 890 460 934 nes
480 889 615 947 nivolus,
638 889 722 934 stvnn
744 888 776 934 u.
993 874 1053 938 369

129 1004 172 1052 llle
185 1010 265 1052 cutem
276 1003 369 1052 fructus

129 1070 291 1132 liberalitatis,

128 1138 200 1199 eujus
215 1138 284 1200 posui

130 1219 208 1267 peuce
217 1203 334 1267 exemplu,

130 1269 227 1318 videtur
241 1269 302 1318 mibi

129 1337 208 1384 multo
217 1343 241 1384 et
251 1336 330 1400 major

129 1410 153 1449 et
165 1403 260 1451 certior.

131 1467 228 1529 Quanto
241 1469 342 1531 grevine

130 1543 155 1581 et
169 1536 247 1582 verius

130 1599 485 1663 Aristotelesnosreprehendit,

130 1669 234 1728 quinon
251 1668 400 1715 admiremur

131 1732 175 1779 bas
183 1733 311 1782 effusiones
318 1735 486 1798 pecuniarum,

131 1815 186 1861 quer
198 1799 262 1847 liunt

131 1865 162 1913 nd
172 1867 337 1914 deleniendem

132 1933 314 1982 multitudinem
326 1933 332 1981 !

132 2001 166 2048 At
177 2001 198 2047 ei
208 2000 225 2047 li

131 2067 173 2128 qui
188 2066 330 2115 obsidentur
338 2067 368 2115 eb
378 2066 447 2115 hoste

131 2141 254 2195 coguntur
264 2147 342 2182 emere
356 2134 423 2182 mins

132 2200 264 2247 sextarium
277 2216 355 2263 equor,

132 2265 178 2314 boc
190 2267 268 2328 primo

132 2331 208 2380 videri
221 2333 290 2380 nobis
304 2332 453 2389 incredibile,

132 2414 264 2461 omnesque
276 2400 361 2447 mirari
370 2418 376 2456 ς

133 2464 184 2522 sed,
202 2480 277 2528 quum
289 2465 470 2526 censuerimus,

133 2531 190 2579 dure
207 2533 301 2579 veniam
316 2533 470 2580 necessitati:

133 2598 158 2644 in
176 2596 214 2645 hie
226 2599 330 2660 jacturis
343 2599 490 2647 immunibus

133 2665 319 2727 sumptibusque
334 2664 446 2724 infinitis,

134 2746 178 2777 nos
187 2731 272 2779 mireri
283 2730 346 2779 nihil

134 2812 288 2860 magnopere,

133 2864 267 2925 presertim
278 2879 354 2927 quum

133 2945 211 2992 neque
222 2931 380 2979 subveniatur

134 2998 280 3054 necessitati,

134 3078 178 3111 neo
188 3063 296 3127 dignitas
311 3072 437 3126 augentur,

134 3129 227 3192 illeque
238 3130 365 3179 delectatio
377 3132 429 3194 ipen

134 3196 301 3245 multitudinis

134 3264 167 3310 sit
177 3262 208 3310 ed
223 3271 317 3327 tempus
328 3264 399 3311 breve

134 3329 307 3393 exiguumque,

134 3411 210 3459 euque
219 3412 234 3443 ι
245 3412 339 3459 quoque
350 3397 488 3455 levissimo;

136 3464 161 3510 in
176 3478 224 3525 quo
236 3471 317 3511 temen
330 3464 382 3526 ipso

135 3529 491 3595 memoriaquoquercluptetis

135 3597 253 3644 morietur
267 3613 317 3645 une

134 3678 191 3710 cum
203 3665 320 3711 satietate.

134 3729 239 3792 Colligit
250 3731 322 3778 etium
336 3730 397 3777 bene

136 3797 188 3844 brec
200 3811 251 3844 esse
261 3806 332 3860 grute

136 3864 217 3925 pueris
228 3872 252 3911 et
261 3863 420 3922 mulierculis,

135 3938 158 3976 et
171 3930 254 3990 servis,

136 4006 158 4045 et
168 3996 251 4045 liberis

136 4063 269 4111 simillimis
283 4078 424 4120 servornm

512 1003 574 1051 Meis
586 1018 613 1051 oe
624 1001 685 1051 fruit

513 1069 542 1115 de
557 1070 582 1117 le
596 1069 726 1127 liberulite,

510 1134 540 1183 de
551 1136 655 1198 laquelle
665 1135 710 1198 j’ui
719 1133 793 1184 eunti

510 1202 624 1265 quelques
636 1202 765 1266 exemplos,

511 1271 614 1331 perelt'e
625 1269 675 1316 moi

511 1334 634 1397 besucoup
645 1344 669 1383 et
682 1334 738 1398 plue
749 1332 829 1400 grand

510 1409 534 1449 et
544 1402 598 1465 plus
608 1404 660 1449 sur.

511 1466 625 1517 Combien
637 1466 882 1532 esee-pluoded'orce

511 1540 535 1581 et
547 1533 807 1599 eveo-pluvdeveritd'

511 1600 620 1649 Aristote
630 1616 692 1650 ηοω
702 1599 811 1663 repreud,

511 1681 568 1714 eous
580 1667 623 1730 qui
634 1682 664 1715 ne
675 1682 737 1715 ηοω
745 1667 865 1714 ὁῑοηηοω
875 1680 917 1728 pes

512 1732 541 1781 de
552 1748 591 1782 ces
602 1732 741 1797 prolusione
752 1733 871 1797 d'srgsnt,

512 1801 554 1861 qui
565 1815 591 1849 ee
602 1799 657 1849 sont
884 1818 887 1823 ¹

513 1881 575 1929 pour
584 1867 696 1915 chermer

511 1932 537 1979 ln
553 1932 696 1981 multitude!

513 1998 577 2047 Meis
591 2000 612 2048 si
628 2014 691 2048 ceux

513 2067 554 2127 qui
565 2073 621 2114 sont
633 2067 737 2129 essilgis
746 2081 790 2129 per
798 2063 915 2131 l‘euueml

513 2141 568 2180 scut
579 2132 655 2180 forceo
664 2132 786 2181 d¹sobeter
796 2146 845 2180 une
855 2128 921 2179 mine
1020 2132 1021 2136 ’

513 2213 545 2244 un
562 2199 633 2247 oetier
647 2198 726 2256 d'eeu,

512 2265 562 2312 oeci
577 2263 678 2313 d'ebord

514 2334 617 2394 pereitre
628 2334 643 2379 b
653 2347 715 2379 ηοω
726 2330 877 2394 incroysble‚

513 2405 538 2446 et
550 2403 604 2445 tous
615 2397 664 2444 s'en
674 2400 790 2456 ltonner3

513 2464 584 2520 meis,
596 2464 693 2526 lorsque
703 2479 764 2511 ηοω
775 2478 851 2512 evons
861 2461 969 2520 rdfldohi,

514 2529 627 2578 recorder
640 2529 786 2593 indulgence
797 2533 812 2577 ἰ
825 2532 849 2579 ls
860 2531 991 2579 recessitis

514 2596 575 2645 deus
586 2612 625 2645 ces
635 2603 712 2660 portes
722 2598 851 2645 immensee

513 2670 538 2712 et
548 2678 582 2712 ces
594 2663 707 2727 depeuses
718 2676 889 2721 esus-mestus,

514 2745 576 2778 ηοω
588 2744 620 2778 ω
633 2745 695 2778 ηοω
706 2731 806 2779 ὀίοηωη
817 2729 846 2778 de
857 2732 910 2781 rien

514 2797 647 2859 berucoup,

514 2870 611 2911 surtout
621 2864 718 2926 lorsque

514 2939 538 2977 et
550 2929 599 2978 l’on
612 2944 645 2977 ne
656 2929 771 2978 subvient
779 2944 822 2992 pes

514 2996 564 3044 ble
574 2996 698 3060 necessite,

514 3071 538 3110 et
548 3063 574 3109 le
584 3063 678 3126 dignitd
688 3062 751 3111 n'eet
763 3078 806 3127 pes
818 3064 968 3127 augmentes

514 3136 537 3177 et
548 3136 586 3177 cet
596 3137 746 3179 amusement
757 3133 833 3178 meme

515 3195 544 3242 de
556 3195 581 3244 le
590 3195 721 3244 multitude
763 3205 765 3210 ·

514 3272 549 3310 est
564 3278 625 3326 pour
640 3278 675 3310 un
693 3270 769 3327 temps
785 3269 856 3312 oonrt

514 3337 538 3376 et
551 3329 673 3387 restreint,
863 3326 897 3395 [le
908 3326 963 3391 plns
973 3327 1055 3389 legen

515 3402 538 3442 et
544 3404 582 3444 oet
588 3405 724 3444 ammomum
732 3411 761 3444 en
767 3395 904 3444 -l'sveur-de
910 3401 964 3443 tout
971 3392 1058 3450 dienen

515 3461 576 3510 dene
588 3462 666 3525 lequel
676 3468 791 3525 pourtent
803 3465 882 3510 mimo

514 3529 538 3576 le
550 3528 664 3577 souvenir
675 3528 742 3577 suesi
750 3528 783 3577 du
795 3529 881 3592 plaisir

515 3603 594 3644 meurt
605 3599 811 3658 eumerus-temps

515 3677 573 3710 ereo
584 3662 609 3710 le
623 3663 715 3711 sstiitd.

514 3727 534 3777 ll
548 3743 673 3791 remerqns
686 3728 716 3777 de
732 3727 787 3791 plus
797 3726 854 3776 bien

514 3809 553 3842 ces
565 3793 648 3843 choses
658 3797 710 3844 etre
720 3793 847 3860 egresbles

514 3875 565 3908 sun
575 3861 674 3910 ensents
684 3870 709 3911 et
718 3877 768 3910 eux
780 3860 887 3918 lemmee,

515 3934 538 3975 et
549 3943 598 3975 eux
605 3928 726 3986 emisses,

515 4002 539 4041 et
550 4008 599 4042 unx
611 3995 708 4043 bomem
720 3994 794 4042 libret

515 4061 717 4109 treesemblubles
732 4074 782 4109 eux
792 4058 910 4114 ssclevem
