2474 4694
200 808 257 866 234
489 822 527 867 ou
546 822 666 869 orneris
685 824 769 870 urnun
791 824 809 868 r.

232 934 308 991 Xlll.
322 938 381 992 lam
392 937 427 993 de
439 937 561 992 artificiis
574 944 601 993 et
612 939 773 1010 quaestibus,
788 937 835 1010 qui
847 936 972 992 liberales
985 935 1113 1004 habendi,

194 1043 241 1098 qut
254 1029 353 1083 sordidi
367 1030 430 1098 sint,
444 1029 502 1085 haeo
515 1030 569 1086 lere
583 1031 750 1103 accepimus.
768 1031 886 1084 Primum
898 1026 1086 1101 improbantur
1096 1029 1114 1084 ii

194 1128 315 1189 quaestus
329 1123 375 1193 qui
393 1124 419 1177 in
440 1124 501 1179 odia
520 1123 659 1178 hominum
678 1123 828 1186 incurrunt,
849 1128 878 1175 ut
901 1120 1070 1191 portitorum,
1085 1129 1115 1177 ut

194 1207 399 1267 imneratorum.
419 1211 565 1269 Illiberales
576 1221 667 1269 autem
681 1220 708 1268 et
723 1212 825 1268 sordidi
838 1218 961 1282 quaestus
974 1227 1114 1266 mercena·

193 1300 293 1357 riorum
301 1304 700 1378 omniumquequorumoperae,
712 1322 763 1362 non
772 1320 887 1378 quorum
896 1311 968 1359 artes
975 1313 1112 1361 emuntur.

193 1396 236 1453 list
245 1399 318 1453 enirn
328 1400 354 1456 in
367 1399 420 1454 illis
431 1399 488 1471 ipsa
496 1416 599 1456 merces
611 1407 840 1457 auctoramentum
851 1399 995 1455 servitutis.
1008 1401 1113 1456 Sordidi

193 1490 273 1546 etiam
287 1491 399 1564 putandi
410 1492 457 1564 qui
469 1492 929 1562 mercanturamercatoribusquod
943 1491 1034 1547 statim
1047 1509 1113 1547 ven-

192 1584 271 1652 dant;
280 1585 345 1641 nihil
355 1586 425 1642 enim
434 1585 646 1658 proliciunt,nisi
653 1585 797 1641 admodum
806 1586 981 1653 mentiantur;
994 1601 1043 1639 nee
1052 1601 1114 1640 vero

194 1677 342 1750 quidquam
353 1687 397 1735 est
412 1680 519 1752 turpius
532 1680 660 1735 vanitate.
674 1679 844 1751 Opificesque
855 1694 949 1733 omnes
962 1679 988 1731 in
1002 1678 1112 1733 sordida

193 1779 250 1827 urta
265 1781 408 1829 vorsantur
423 1793 429 1828 :
443 1789 494 1830 neo
506 1775 578 1830 enim
592 1774 739 1847 quidquam
752 1773 898 1844 ingenuum
911 1780 1002 1843 potest
1013 1774 1113 1830 habero

192 1861 307 1917 oldoina.
328 1865 494 1938 Minimeque
506 1873 579 1922 artes
592 1866 634 1922 bae
650 1864 806 1955 probandae,
825 1881 886 1935 quae
902 1865 1036 1921 ministrae
1049 1873 1113 1920 sunt

193 1954 361 2028 voluptatum
374 2000 380 2026 ‚

285 2093 387 2154 Celadi,
400 2091 472 2158 lanii,
490 2095 576 2158 ooqui,
591 2095 705 2159 fartores,
721 2096 879 2158 piscatores¹,

194 2229 222 2276 ut
233 2222 272 2276 ait
281 2222 432 2277 Terentius.
446 2223 523 2278 Addo
535 2223 588 2291 his,
598 2225 621 2279 si
630 2224 729 2297 plaoel,
742 2223 945 2296 unguentarios,
957 2224 1109 2296 saltatores,

193 2323 332 2388 totumquo
346 2316 439 2372 ludum
453 2317 587 2373 talarium.

226 2407 329 2475 Quibus
343 2415 433 2464 autem
454 2410 559 2465 artibus
578 2417 623 2465 aut
644 2408 789 2482 prudentia
806 2407 891 2476 major
906 2407 978 2463 inest
990 2414 1039 2463 aut
1057 2423 1110 2463 non

224 2634 300 2684 XLII.
322 2633 405 2694 Quant
421 2650 470 2682 aux
489 2644 539 2682 arta
556 2641 580 2681 et
593 2649 642 2680 nux
657 2634 727 2697 gains
746 2633 819 2696 qu'ils
837 2642 974 2696 procurent,
990 2637 1061 2697 voioi,
1081 2653 1108 2685 on

192 2719 297 2779 general,
320 2717 387 2781 quuls
406 2725 461 2765 sont
478 2733 537 2765 ceux
550 2717 593 2780 qui
612 2723 707 2778 possent
725 2730 786 2777 pour
803 2715 923 2771 libdraux.
942 2725 966 2765 st
987 2732 1049 2766 ceux
1069 2720 1109 2779 qni

193 2801 467 2866 pustentpouraervilea.
483 2801 589 2849 D'abord
596 2813 627 2847 on
639 2798 801 2862 de'sapprouve
811 2800 846 2847 les
854 2803 950 2848 mdtiers
960 2800 1002 2863 qni
1012 2802 1111 2848 sitirent

192 2885 217 2933 lrt
230 2886 300 2934 haine
311 2885 438 2948 pnbliquoa
451 2884 483 2931 tel
495 2894 532 2929 est
542 2881 605 2929 celui
619 2882 659 2929 des
672 2884 778 2928 usuriora
793 2889 817 2929 et
828 2882 869 2930 des
880 2885 1022 2931 collectenrs
1037 2884 1110 2931 d'im·

192 2969 254 3030 pots.
266 2968 304 3018 On
315 2970 365 3017 doit
374 2982 460 3015 encore
470 2965 582 3028 regarder
598 2981 690 3012 comma
700 2965 742 3012 bas
754 2966 777 3012 ls
788 2966 859 3028 profit
871 2966 899 3013 ds
915 2976 969 3015 tous
980 2983 1041 3014 oeux
1052 2966 1111 3014 dont

192 3068 223 3099 on
234 3067 294 3115 pays
305 3053 329 3099 la
339 3051 417 3114 peine,
427 3056 452 3096 et
461 3064 509 3096 non
520 3049 543 3095 le
555 3048 631 3095 tnlent
642 3064 649 3093 a
661 3050 843 3111 onrquioonqne
860 3049 920 3095 vend
930 3065 973 3097 sou
986 3050 1073 3096 travail
1087 3064 1111 3095 se

194 3135 254 3183 vsud
264 3136 397 3191 lui-meme,
407 3141 430 3180 et
442 3148 466 3179 se
478 3139 526 3179 met
538 3147 569 3178 nu
580 3145 642 3192 rung
653 3130 695 3177 das
706 3132 819 3178 esolnvea.
828 3131 849 3180 Il
861 3147 891 3178 en
901 3132 955 3179 lant
964 3131 1015 3180 dire
1026 3140 1112 3180 autent

194 3219 222 3266 de
237 3232 299 3267 oeux
317 3218 359 3281 qui
377 3224 495 3279 prennenl
512 3214 553 3262 des
574 3230 631 3277 gros
649 3213 795 3261 marchands
814 3230 874 3277 pour
888 3215 1002 3262 revenire
1020 3216 1111 3262 aur-le-

193 3302 279 3364 ohnmp
291 3305 306 3349 la
317 3303 372 3364 plus
383 3300 443 3348 haut
455 3300 518 3361 prix.
534 3299 661 3361 puisquila
673 3313 703 3344 ue
715 3305 823 3360 gugnont
836 3298 891 3358 qu'it
906 3299 969 3345 soros
982 3297 1010 3344 dn
1022 3300 1111 3346 montir

193 3394 216 3432 et
225 3385 286 3448 qu'il
298 3384 340 3446 u'y
349 3400 364 3430 n
373 3384 423 3431 rien
432 3381 460 3428 de
470 3383 524 3443 plus
537 3381 644 3429 honteux
654 3381 730 3444 quola
741 3395 880 3441 mensonge.
894 3381 960 3427 Touo
970 3382 1003 3427 les
1014 3384 1111 3429 metisrs

193 3464 320 3513 d’urtinans
328 3473 383 3511 sont
393 3464 435 3510 baa
448 3472 472 3510 et
482 3464 594 3519 serviisse
611 3479 658 3511 une
669 3463 784 3524 boutique
795 3463 937 3526 estindigns
948 3462 1005 3510 d'un
1013 3463 1110 3513 homme

193 3548 262 3597 libre.
273 3547 344 3596 Eulin
357 3563 387 3594 on
401 3562 431 3593 no
441 3548 535 3595 saurais
549 3548 615 3594 nvoir
627 3561 673 3608 qus
682 3546 715 3593 du
726 3547 815 3608 mipris
826 3563 887 3610 pour
898 3554 974 3594 toules
985 3563 1022 3594 ces
1035 3556 1109 3599 sortor

193 3630 221 3678 da
238 3646 297 3693 gens
314 3629 355 3691 qui
368 3637 423 3678 sont
434 3645 526 3677 comma
541 3630 575 3677 lea
594 3630 715 3678 ministres
729 3629 759 3677 de
779 3630 804 3677 la
820 3631 916 3693 voluptd
929 3649 935 3678 :
950 3631 993 3678 tels
1005 3641 1060 3677 sont
1075 3631 1109 3677 les

194 3712 364 3775 poisaonniern,
372 3711 538 3765 lesbouohers.
549 3713 583 3759 los
591 3713 725 3771 ouiainiera,
736 3713 933 3772 lesehnroutiers,
945 3713 1107 3775 lespoehenrs,

193 3810 285 3844 oomtne
297 3796 333 3843 dit
343 3795 460 3848 Te'rencez
476 3803 500 3842 et
511 3795 560 3842 l'on
573 3803 628 3857 peut
645 3810 662 3857 y
675 3796 769 3858 ajouter
785 3796 818 3843 les
831 3796 990 3858 parlumeurs.
1003 3797 1037 3843 les
1048 3796 1108 3844 dan·

194 3897 271 3943 soors,
283 3890 307 3930 at
319 3889 372 3929 tous
384 3896 444 3929 ceux
455 3881 495 3944 qui
509 3880 618 3927 tiennent
631 3880 671 3927 des
683 3880 816 3927 academiea
830 3878 858 3925 de
870 3879 926 3942 junx
938 3879 965 3925 de
977 3880 1073 3927 linsnrd.

227 3965 307 4024 Quant
328 3980 377 4013 nux
396 3964 541 4028 professions
555 3964 595 4026 qui
614 3965 712 4027 exigent
726 3964 780 4027 plus
794 3962 823 4010 de
840 3964 919 4010 savoir
930 3972 953 4010 et
969 3974 1022 4010 sont
1037 3964 1108 4012 d'uno
