2474 4694
411 737 462 785 ons
483 737 614 794 orvorus,
639 736 720 781 trrrr
740 736 772 781 ιι.
998 719 1057 781 ³5³

133 867 157 906 et
174 868 288 921 tanquam
308 857 486 906 exercitatiores
515 866 538 904 et
548 870 642 904 comme
653 857 707 918 plus
717 857 813 905 exero&

133 925 163 972 sd
175 923 359 988 promerendum
369 924 429 973 bene
513 924 699 971 hmeriterbien

133 992 162 1039 de
173 993 265 1040 multis.
514 989 696 1039 denomhreux.

133 1057 242 1118 Quadam
254 1057 356 1120 epistole
513 1055 581 1103 Dens
593 1071 640 1104 nne
651 1055 756 1105 oerteine
771 1054 842 1103 lettre

133 1125 364 1187 Philipporum-et
374 1124 487 1187 praeolnre
513 1121 625 1186 Philippo
636 1137 721 1169 soouse
736 1120 890 1168 sreo·reisou

133 1190 299 1238 Alexandrum
315 1191 402 1248 lilium,
512 1188 650 1236 Alexandro
661 1203 701 1236 sorr
712 1187 758 1247 fils,

132 1257 355 1319 qnodoonseotetor
513 1269 584 1317 perce
599 1255 659 1318 qu'rl
680 1253 808 1303 recherche

132 1325 263 1387 largitione
515 1336 558 1384 pur
575 1321 610 1370 lss
625 1322 744 1384 lergesses

133 1389 323 1438 benevolentiam
514 1389 539 1434 le
551 1388 724 1436 bieurelllenoe

133 1457 302 1504 Macedonum.
514 1453 556 1500 des
576 1453 754 1502 Meoedoniens.

135 1543 144 1564 ι
161 1521 221 1582 Quse
239 1523 310 1572 ratio.
329 1522 418 1583 inquit,
516 1520 601 1580 «Quor
613 1519 799 1579 reisonnement,
815 1517 893 1575 dit-il.

133 1589 233 1636 induxit
243 1599 265 1636 te
278 1589 369 1636 melum
514 1586 621 1634 sinduit
632 1587 664 1635 toi
677 1586 773 1635 insense

132 1657 156 1701 in
168 1656 238 1702 istem
254 1670 327 1718 spem,
514 1666 542 1700 en
556 1662 593 1702 eet
603 1654 692 1717 espoir,

132 1733 158 1767 ur
169 1732 265 1783 putores
276 1736 316 1768 eos
514 1733 561 1779 que
576 1731 602 1768 ιιι
615 1734 709 1769 erueres
725 1717 826 1767 ceux-lh

133 1789 183 1835 sore
194 1788 276 1835 fideles
288 1789 340 1844 tibi,
515 1785 598 1834 devoir
607 1790 657 1835 erre
666 1784 824 1842 urerentur,

131 1869 191 1915 quos
208 1855 356 1916 corrupisses
369 1851 486 1916 pecunie?
513 1865 559 1914 qne
569 1863 595 1901 tu
607 1854 688 1901 erneis
697 1850 922 1914 oomompusperde
935 1847 1057 1912 l’ergent?

132 1928 170 1968 An
181 1929 206 1968 tu
216 1921 269 1984 ogis
281 1921 315 1977 id,
515 1920 600 1968 histee
610 1935 656 1982 qne
665 1921 697 1966 toi
708 1926 735 1967 tu
746 1918 890 1981 r'eppliques
902 1916 988 1970 heele.

131 1999 158 2032 ut
171 1988 311 2034 Macedones
326 1994 422 2047 sperent
514 2000 559 2047 que
573 1986 608 2033 les
622 1986 791 2034 Macedonieue
806 1984 916 2046 sspeeem

131 2061 153 2100 te
163 2052 213 2101 sore
225 2068 271 2099 non
284 2068 355 2100 suum
370 2068 460 2117 regem,
513 2054 547 2099 toi
559 2052 700 2100 deverrens
712 2067 761 2100 nou
775 2052 827 2099 leur
838 2049 885 2106 roi,

131 2119 320 2167 redministrum
514 2119 575 2165 mnis
585 2124 634 2166 leur
645 2120 756 2166 ministre

131 2194 154 2232 et
168 2184 342 2247 praebitorem?
357 2206 368 2228 s
513 2194 537 2230 et
554 2188 604 2232 leur
616 2182 766 2233 tresorier'l»

130 2252 194 2298 liene
207 2252 346 2299 ministrum
514 2251 533 2298 ll
545 2253 612 2299 dimit
622 2251 677 2299 bien
689 2251 800 2300 ministre

130 2330 153 2364 er
166 2319 327 2379 praebitorem,
513 2325 537 2365 et
547 2317 667 2370 tre'sorier.

131 2384 189 2445 quie
201 2385 323 2432 sordidum
340 2385 390 2447 regi
400 2402 406 2437 ς
513 2398 584 2444 pnroe
594 2398 641 2446 qne
654 2386 707 2431 o'eet
718 2382 825 2431 honteux
837 2396 900 2445 pour
909 2397 941 2428 un
956 2379 1007 2436 rsit

130 2450 217 2497 melius
229 2453 310 2508 etiem,
513 2454 531 2496 il
543 2453 610 2497 diruit
622 2453 704 2497 mioux
715 2463 808 2508 euoore,

130 2517 194 2578 quod
206 2516 270 2565 dixit
283 2517 437 2579 largitionem
513 2530 541 2562 en
553 2531 579 2562 oe
591 2516 651 2578 qn'il
663 2515 699 2563 dit
709 2515 743 2563 les
752 2516 870 2578 lsrgesses

129 2597 181 2630 esse
193 2585 363 2646 corruptelam.
512 2585 561 2630 erre
574 2597 623 2631 nne
636 2583 784 2645 oorruption.

130 2647 179 2709 Qui
190 2651 254 2697 enim
267 2652 354 2713 ecoipir
513 2648 549 2697 En
561 2646 617 2697 esset
631 2649 693 2697 oelui
705 2649 747 2711 qui
759 2649 834 2711 repoit

129 2714 279 2768 fltdeterior.
512 2714 608 2763 devient
619 2715 678 2778 pire,

129 2789 201 2843 utque
215 2784 321 2845 puretior
513 2791 536 2829 et
548 2783 602 2844 plus
613 2786 667 2845 pret

129 2847 160 2894 nd
172 2849 347 2911 expectendum
361 2865 453 2913 semper
513 2863 573 2910 pour
582 2847 691 2896 ettendre
701 2848 813 2911 toujours

129 2914 203 2962 idem.
512 2915 537 2962 lu
549 2916 626 2962 meme
638 2914 718 2963 ohose.

129 2980 174 3028 Ille
187 2980 233 3028 hoe
243 2980 309 3037 lilio;
512 2981 617 3030 celui-lh
626 2986 746 3041 prererisil
757 2981 807 3030 oeei
819 2982 834 3029 h
844 2996 884 3029 son
895 2978 951 3038 dise

129 3046 169 3093 sed
184 3055 294 3110 putemus
512 3047 574 3095 mnis
585 3062 689 3111 pensons

130 3124 275 3175 praeceptum
291 3116 412 3163 omnibus.
511 3119 559 3162 celo
571 3119 634 3162 ooolr
644 3117 679 3163 lli
687 3114 789 3177 presorit
803 3116 818 3163 h
831 3120 894 3161 tous.

162 3179 324 3239 Quamobrem
337 3183 361 3229 id
372 3182 469 3244 quidem
546 3181 738 3245 C'est·pourquoi
748 3180 797 3229 eeoi
808 3180 858 3228 hle
871 3179 945 3228 verite

130 3261 178 3293 non
191 3255 227 3294 est
238 3246 350 3300 dubium.
511 3248 574 3295 n'est
584 3263 627 3311 pes
638 3247 755 3305 domem,

128 3313 186 3373 quin
202 3313 247 3360 ille
261 3315 407 3373 benigniter,
512 3328 559 3374 que
570 3325 631 3362 oette
645 3313 816 3370 bienfeisenoe.

129 3394 183 3439 qrue
195 3389 289 3428 constet
301 3394 329 3428 ex
345 3396 416 3443 opem
513 3382 553 3442 qni
565 3382 669 3429 oonslste
680 3380 740 3429 dens
749 3379 821 3430 l'eide
829 3382 897 3441 eu’on
910 3384 971 3440 prelo
1009 3407 1013 3413 ·

129 3455 152 3490 et
164 3445 294 3502 industrie,
512 3455 535 3494 et
546 3446 663 3495 l'setivite
672 3447 742 3509 qes'on
754 3449 847 3506 diplois,

129 3521 152 3556 et
163 3513 195 3558 sit
205 3511 337 3567 honestior.
512 3522 534 3560 et
546 3529 576 3561 ue
588 3514 635 3562 soit
646 3513 702 3577 plus
710 3513 823 3570 honutte,

129 3588 153 3623 et
165 3587 245 3639 petent
261 3580 342 3633 letius,
511 3588 535 3626 et
548 3595 576 3626 ne
588 3580 693 3628 s'etende
704 3581 886 3644 pluteo-lorge,

128 3653 152 3689 et
169 3647 244 3705 possit
255 3646 368 3707 prodesse
511 3654 534 3693 et
544 3661 573 3692 ne
585 3646 666 3708 puisse
677 3646 798 3694 utre-utile

130 3711 253 3769 pluribus;
511 3710 564 3758 eds
575 3712 630 3774 plus
642 3712 790 3767 nombreuxr

131 3791 303 3839 nonnunquam
321 3786 401 3824 tomen
511 3777 661 3839 quelqnel’ois
676 3777 811 3841 oependent

128 3844 280 3899 'largiendum
294 3852 338 3900 eet,
511 3844 529 3890 il
542 3842 595 3889 snut
605 3843 862 3908 seire-deolsrgesses.

130 3924 172 3956 oeo
185 3908 230 3956 hoo
239 3910 484 3972 genusbenipnitetis
511 3916 535 3957 et
546 3923 573 3956 oe
583 3923 657 3972 genre
671 3907 701 3958 tle
711 3911 872 3959 hlenlelseuoe

791 4038 823 4090 tr
841 3993 875 4045 rs
