2364 4634
228 742 283 797 570
514 758 549 802 ott
568 756 689 802 otricus
711 755 793 801 Lim
816 757 860 802 ru.

223 880 343 932 urcntere
367 878 453 948 possit
468 875 664 931 intolerandum
684 882 789 947 putore.
812 874 911 946 itaque
932 875 1002 946 quid
1021 873 1101 930 tecit?
1116 875 1137 928 ir

222 986 345 1034 senatum
361 980 449 1043 uenit;
466 978 592 1034 mandata
605 977 745 1049 expoenit3
762 977 930 1032 sententiam
946 993 983 1032 ne
997 976 1097 1032 diceret
1109 993 1139 1030 re·

222 1083 343 1135 eusavit:
359 1080 479 1151 qnandiu
490 1078 666 1150 jurejurando
681 1078 800 1134 hostium
814 1087 968 1145 teneretur,
987 1096 1041 1134 nou
1054 1095 1109 1135 esse
1119 1094 1139 1131 se

221 1193 380 1238 senatorem.
401 1186 490 1253 Atque
510 1181 576 1237 ittud
597 1183 678 1235 etiam
700 1184 727 1251 (o
747 1178 858 1235 stultum
882 1180 1040 1245 hominem,
1061 1180 1140 1235 dixeri:

221 1288 374 1357 quispiam,
398 1292 425 1339 et
449 1289 643 1355 repugnantem
666 1281 774 1337 utilitati
793 1296 852 1338 sure
869 1280 909 1353 ἔ),
930 1282 1014 1337 reddi
1035 1282 1141 1355 captim

222 1388 330 1455 negarit
349 1402 410 1441 essu
431 1385 496 1439 ntite
516 1401 523 1438 :
544 1383 604 1438 itios
626 1383 698 1438 enim
716 1382 909 1439 adoteooentes
929 1400 997 1439 esse
1022 1393 1051 1441 et
1071 1385 1142 1440 bonos

221 1485 314 1543 duces.
331 1486 433 1556 sejam
452 1483 606 1539 confectum
628 1490 781 1539 senectute.
803 1482 888 1555 eujus
911 1498 1002 1554 quum
1027 1484 1142 1541 vetuisset

221 1587 374 1649 auctoritas,
399 1586 496 1657 captivi
524 1584 621 1638 retenti
648 1591 726 1652 sunt3
754 1582 813 1656 ipse
837 1583 1040 1657 Carthaginem
1064 1588 1140 1649 redite

221 1706 309 1760 neque
324 1705 385 1743 enm
404 1688 502 1743 caritas
518 1688 614 1760 patriae
631 1687 741 1742 retinuit
761 1700 812 1743 neo
829 1701 952 1743 suorum.
968 1690 1070 1763 Neque
1087 1705 1141 1747 reru

221 1798 277 1843 tum
301 1789 441 1857 ignorabat
463 1806 493 1844 se
511 1788 543 1843 ad
559 1787 773 1844 crudelissimum
795 1788 898 1844 hostem
914 1798 943 1845 et
960 1792 999 1846 od
1019 1791 1140 1864 exquisita

220 1889 351 1959 supplicia
365 1889 512 1961 proficisci3
528 1888 576 1945 sod
588 1888 777 1960 jusjurandum
792 1890 1016 1947 conservandum
1031 1895 1139 1964 putabat.

220 1989 322 2059 itaque,
334 1998 390 2045 turn
404 2008 486 2063 quum
498 1992 633 2063 vigilando
648 1992 805 2060 necabatur,
823 1992 924 2048 eratin
941 1994 1058 2050 metiore
1068 2008 1140 2050 eausa

219 2108 299 2162 quam
319 2094 341 2147 si
366 2093 438 2147 durni
457 2110 540 2148 senex
560 2094 693 2166 captivus,
712 2095 837 2167 perjurus
856 2097 1140 2159 consuleris,re1nan·

220 2192 307 2246 sisset.
323 2197 357 2247 At
372 2195 464 2260 stulte,
478 2195 590 2265 quinon
605 2195 684 2249 modo
697 2210 750 2249 non
763 2193 900 2249 censuerit
911 2199 1042 2268 oapnvos
1054 2196 1138 2252 remit·

220 2293 324 2361 roudus,
338 2312 429 2349 verum
442 2295 523 2350 etiarn
536 2295 706 2351 dissuaserit.
721 2294 861 2364 Quomodo
876 2296 983 2352 stulte?
995 2299 1111 2354 etiamne
1120 2314 1138 2349 sr

219 2547 309 2591 urriver
324 2544 352 2591 de
371 2545 424 2606 plus
437 2545 549 2593 tncbeux.
565 2546 616 2606 Quo
626 2543 653 2593 fit
663 2546 725 2593 done
735 2545 860 2608 negatore
874 2544 895 2593 11
907 2545 963 2593 vint
971 2560 1005 2593 nn
1015 2548 1091 2605 senat,
1103 2561 1128 2593 ex

220 2652 275 2696 noun
287 2653 314 2684 su
324 2639 432 2693 mission,
442 2650 465 2685 et
476 2640 586 2686 s'exeusn
598 2638 698 2685 d'nbord
713 2639 741 2687 de
759 2637 851 2685 donner
864 2654 907 2685 son
921 2641 984 2698 evis,
995 2640 1080 2689 disant
1089 2656 1136 2701 que.

219 2739 270 2775 tnut
282 2731 341 2792 qu'il
354 2732 428 2778 seruit
446 2731 477 2778 lie'
494 2747 537 2794 por
555 2747 598 2780 oon
616 2742 722 2780 serment
736 2747 820 2779 envers
838 2732 873 2779 les
889 2735 1012 2791 eunomia,
1029 2736 1047 2784 il
1065 2737 1138 2783 n'e'tnit

220 2831 286 2881 porut
297 2823 416 2868 sunutour.
428 2821 486 2869 Bieu
499 2821 555 2884 plus
568 2822 597 2883 (6
606 2822 732 2870 l'insenee'!
746 2820 878 2873 diro-r-on,
892 2832 916 2870 et
935 2825 991 2887 quel
1010 2825 1138 2873 enuemide

218 2929 259 2959 sou
277 2929 362 2977 propre
381 2913 506 2973 interest),
523 2915 540 2961 il
559 2925 682 2963 remontre
693 2916 752 2978 qn’it
766 2931 796 2963 no
807 2918 936 2963 convenoit
951 2933 995 2980 pus
1010 2920 1063 2966 isle
1073 2923 1136 2981 repn-

219 3008 298 3066 btique
310 3008 338 3054 de
350 3006 435 3054 rendre
446 3008 480 3055 les
492 3008 656 3069 prisonniere;
672 3024 718 3070 que
736 3010 847 3056 c'dtoient
862 3008 904 3057 deo
920 3008 1036 3059 hommes
1048 3013 1135 3073 jermus,

218 3097 246 3144 de
259 3100 317 3144 trons
329 3100 470 3160 copitnines,
488 3099 568 3147 tendis
587 3115 633 3162 quo
645 3116 688 3148 son
703 3101 780 3160 grand
796 3104 841 3164 itge
855 3101 877 3147 le
893 3102 991 3150 metuit
1003 3101 1062 3152 hors
1073 3104 1137 3150 d'ernt

219 3192 247 3237 de
264 3193 348 3238 servir.
368 3193 414 3238 Son
435 3194 485 3239 nris
502 3195 613 3254 pre'raiut
626 3210 631 3237 :
645 3209 676 3241 on
696 3196 768 3240 rerint
783 3194 817 3241 les
832 3193 994 3257 prisouniers,
1013 3198 1075 3246 etii
1093 3198 1136 3244 s'en

219 3297 329 3332 retourne
346 3288 361 3333 'a
380 3286 516 3351 Carthasim,
530 3302 585 3334 sans
600 3301 646 3348 quo
663 3287 766 3334 l'nrnour
780 3286 808 3334 do
819 3303 845 3333 sn
856 3287 932 3350 patrie
944 3290 971 3335 ni
983 3289 1051 3340 celui
1062 3291 1091 3338 de
1106 3304 1138 3337 ses

218 3376 317 3437 proeires
330 3378 421 3424 insseut
434 3380 542 3440 rrrnubles
555 3379 585 3425 cle
596 3379 617 3425 le
630 3379 726 3426 retorrin
741 3379 770 3426 Et
781 3377 913 3441 cependunt
925 3379 941 3425 il
953 3381 1091 3443 n'iguornit
1101 3398 1137 3446 pas

200 3478 201 3482 ’
218 3471 274 3531 qu'it
289 3473 358 3517 nituit
370 3486 394 3517 so
404 3472 479 3519 lirrer
492 3473 506 3516 ir
519 3486 550 3517 un
564 3472 658 3518 enuerui
670 3472 735 3518 ornet
748 3480 771 3519 et
783 3487 831 3518 eux
843 3472 964 3534 supplices
974 3474 1009 3520 les
1019 3475 1077 3537 plns
1089 3475 1137 3523 ras·

218 3563 290 3619 fines:
303 3565 393 3612 mainil
405 3565 498 3627 peneuit
510 3564 591 3612 devoir
603 3564 690 3626 garder
703 3581 745 3612 son
756 3574 869 3613 serment.
884 3566 944 3613 Plus
957 3565 1071 3616 henreux
1083 3569 1137 3615 dans

218 3657 323 3721 l'ngouie
339 3659 368 3706 de
382 3674 419 3706 see
438 3659 521 3706 veilles
542 3658 714 3706 douloureusos
728 3659 788 3722 qu'ii
806 3675 836 3706 ne
851 3660 949 3706 i'rrurnit
963 3663 1001 3706 e'td
1014 3661 1044 3708 de
1055 3660 1137 3708 vieiltir

220 3750 279 3798 rinus
292 3767 319 3797 en
331 3753 433 3807 maison,
453 3752 589 3815 prisonnier
608 3751 637 3797 do
655 3751 719 3799 droit
736 3762 760 3799 et
775 3752 912 3800 eousulaire
923 3752 1033 3814 perjure.
1051 3751 1136 3800 diuisit

218 3843 270 3903 ugit
283 3856 310 3888 en
323 3843 426 3899 ineenset,
438 3845 579 3901 ‹tire-term
596 3845 668 3904 quoii
685 3860 715 3892 ou
728 3846 775 3891 lieu
789 3845 910 3891 d'insister
927 3859 989 3905 pour
1004 3845 1066 3893 seire
1080 3862 1136 3892 ren-

221 3945 290 3989 rorer
300 3932 334 3977 les
343 3933 501 3992 priuouniers,
511 3935 639 3981 tur-meme
649 3935 763 3982 conseille
774 3935 802 3981 de
814 3936 868 3981 u'en
879 3936 929 3981 rien
940 3936 1020 3987 iniret
1031 3935 1134 3995 insense',
