2364 4634
236 672 296 729 ott
519 685 556 730 or
576 684 693 731 osricus
714 686 800 732 sisso
820 686 863 731 ιιι.

231 806 337 871 oblitus,
349 804 439 859 itomae
452 802 622 861 remansisse.
634 802 733 859 Redito
742 802 815 859 onim
827 802 857 859 in
868 812 963 861 costra
974 802 1130 861 tiberstoms
1155 858 1158 863 .

230 922 290 963 osso
308 906 481 978 jurejurando
506 904 750 978 interpretabatun
780 920 836 961 non
864 912 952 962 recte.
979 906 1061 962 Fraus
1081 903 1132 961 soit

231 1008 382 1081 adstringit,
403 1025 455 1063 non
475 1008 602 1063 dissolvit
623 1006 780 1081 periurium.
800 1007 865 1062 Fuit
883 1008 970 1078 igitur
982 1008 1065 1064 stulta
1076 1005 1131 1063 caiti·

229 1110 308 1175 ditas,
318 1126 442 1182 perverse
457 1110 560 1166 imitata
572 1108 752 1182 prudentiam.
765 1108 992 1180 itaquodecrerit
1005 1112 1133 1165 sonatosit

230 1214 273 1267 itto
294 1220 429 1268 veterator
451 1220 478 1268 et
499 1211 612 1267 catiidus
631 1213 740 1267 vinctus
762 1210 796 1267 sd
815 1212 983 1269 Annibalem
1003 1214 1132 1269 duceretur.

230 1312 283 1369 Sed
296 1312 362 1367 iitud
378 1314 525 1368 maximum
538 1330 545 1368 t
559 1320 618 1369 octo
635 1312 774 1369 hominum
794 1312 877 1369 miliia
899 1315 1014 1371 tenebat
1031 1312 1133 1375 santio,

230 1432 283 1470 non
300 1431 370 1486 quos
389 1414 416 1468 in
434 1416 491 1470 scio
505 1414 628 1487 cepisset,
647 1420 695 1471 sut
711 1414 756 1486 qui
777 1415 898 1487 periculo
920 1416 1018 1472 mortis
1036 1415 1136 1487 diffugis·

230 1526 300 1586 sont,
312 1518 414 1589 sedqui
427 1517 513 1573 rolicti
527 1520 553 1573 in
565 1519 660 1574 castris
671 1518 808 1573 tuissents
817 1517 903 1573 Pouio
914 1526 944 1574 et
955 1518 1135 1587 Varronem

230 1619 342 1675 sutihus.
359 1621 410 1674 Eos
422 1627 533 1674 senatus
551 1635 604 1674 non
619 1618 725 1675 consuit
737 1618 921 1685 redimendos,
937 1638 1023 1693 quum
1032 1619 1059 1677 id
1072 1631 1135 1693 porri

230 1720 344 1792 pecunia
359 1720 414 1775 hori
425 1729 525 1793 posset,
537 1728 568 1776 ut
580 1728 653 1777 osset
665 1720 776 1775 insitum
791 1720 923 1776 militibus
933 1723 1037 1778 nostris
1044 1722 1136 1777 sutrio·

230 1838 292 1877 coro
305 1830 352 1877 sut
365 1822 525 1889 priorious
535 1821 645 1893 quidem
659 1838 689 1876 ro
703 1820 806 1887 audito,
817 1822 934 1878 tractum
949 1820 1136 1878 aniinumhnoi
1173 1808 1176 1827 ¹

230 1922 298 1977 hatis
311 1923 417 1993 scripsit
433 1922 514 1985 idom,
525 1921 598 1993 quod
613 1929 725 1977 senatus
738 1922 909 1995 populusque
922 1924 1063 1979 Romanus
1071 1920 1135 1977 rebus

230 2021 335 2075 atiiictis
350 2029 404 2074 tam
417 2022 523 2077 excelso
537 2022 628 2077 animo
649 2022 757 2077 fuisset.
772 2022 826 2091 Sic,
842 2021 994 2079 honestatis
1013 2035 1135 2094 compara·

230 2125 310 2191 tione,
324 2140 355 2178 ea
371 2139 433 2195 qum
453 2123 578 2178 videntur
596 2124 671 2179 utitia
686 2123 839 2178 vincuntur.
856 2124 975 2179 Acilius·
993 2132 1089 2191 sutem,
1101 2121 1135 2193 qui

229 2224 325 2279 Graeco
339 2225 446 2296 scripsit
461 2224 609 2291 historiam,
633 2224 725 2295 plures
739 2224 779 2279 ait
799 2224 884 2280 tuisso
899 2226 947 2295 qui
968 2226 995 2280 in
1009 2232 1092 2281 castra
1103 2238 1137 2277 ro·

230 2462 328 2523 injusto,
343 2464 454 2524 piusque,
478 2460 533 2507 bion
553 2458 604 2507 loin
622 2475 668 2522 quo
685 2461 711 2507 lo
730 2460 816 2508 fraudo
830 2460 910 2523 puisse
927 2478 991 2511 nous
1003 2458 1138 2527 dtgogorho

230 2562 299 2602 notro
311 2560 427 2611 serment,
440 2552 484 2602 olto
494 2568 524 2600 ns
537 2552 581 2600 isit
591 2554 662 2614 qu'on
681 2567 797 2602 rossemr
810 2553 845 2601 los
861 2554 931 2603 tiens.
952 2555 975 2605 Il
989 2565 1030 2605 out
1042 2556 1099 2604 dono
1109 2569 1137 2602 rs

230 2662 300 2695 cours
310 2647 325 2693 'o
337 2661 384 2693 uno
398 2648 522 2693 moriroiso
535 2644 629 2701 finesse,
644 2647 658 2693 h
670 2661 718 2693 uiis
732 2654 793 2694 sotto
805 2647 928 2696 imitstion
943 2648 973 2696 do
985 2650 1011 2697 lo
1022 2648 1137 2713 prudeneet

230 2738 295 2785 sossi
306 2747 344 2785 oet
355 2737 435 2786 habile
448 2738 544 2785 hoinmo
556 2738 637 2793 sut-il,
655 2754 698 2801 por
710 2737 781 2787 ordre
796 2738 828 2787 du
843 2743 929 2795 sinat,
948 2742 997 2790 mis
1009 2758 1056 2790 oux
1070 2742 1140 2789 tonet

230 2829 356 2878 reconduit
363 2831 377 2877 h
385 2831 501 2878 Annibal,
510 2830 572 2877 Mais
584 2830 644 2877 voioi
657 2830 759 2894 quelque
770 2828 841 2879 chose
850 2830 879 2879 de
888 2832 944 2894 plus
951 2833 1090 2883 odmirshie.
1099 2832 1140 2881 hn-

230 2919 297 2965 uitat
307 2918 373 2966 arsit
384 2918 428 2965 soit
441 2919 589 2982 prisonniers
602 2917 656 2966 huit
666 2919 863 2984 milloRomsins,
876 2936 924 2969 non
933 2923 995 2985 qu'il
1008 2924 1042 2971 tos
1051 2925 1089 2970 ottt
1099 2922 1140 2984 pris

231 3025 272 3056 sur
291 3010 313 3057 lo
328 3009 416 3073 ohsrnp
434 3010 462 3057 ds
476 3010 586 3069 bstniile,
604 3025 635 3058 ou
654 3026 700 3072 quo
719 3011 742 3058 ls
758 3026 816 3074 pour
832 3011 860 3058 de
876 3012 901 3058 la
916 3022 982 3062 mort
998 3015 1033 3063 los
1049 3017 1089 3063 eht
1103 3011 1141 3059 mit

230 3117 260 3149 on
278 3102 353 3161 suito3
369 3104 431 3149 mois
448 3104 481 3150 les
499 3102 596 3151 consuls
613 3102 673 3150 Paul
690 3112 713 3151 ot
727 3104 822 3152 Vorron
841 3104 983 3154 reinvitent
999 3106 1142 3155 abandonia

231 3193 290 3242 dans
302 3195 326 3243 le
337 3210 416 3258 camp.
430 3196 576 3261 Cepoiiilarit‚
597 3197 726 3259 quoiqii'on
749 3200 838 3261 philos
858 3198 962 3247 dilivrer
974 3201 991 3247 ἰ
1005 3197 1144 3265 tris-pondo

231 3287 297 3347 trois,
310 3288 334 3336 lo
350 3291 458 3335 sinatus
472 3292 686 3353 consentitjomsis
696 3292 712 3338 h
721 3292 755 3339 los
764 3291 872 3339 rocheter
885 3308 891 3338 ε
905 3292 923 3338 il
933 3292 1023 3341 voulut
1030 3294 1145 3359 imprimet

232 3378 292 3426 dans
308 3380 330 3428 lo
345 3395 410 3429 ooeur
424 3381 453 3429 do
465 3399 508 3430 nos
532 3384 622 3433 soldats
645 3390 705 3433 cetto
727 3384 851 3434 maximo:
869 3387 961 3434 Voirioro
972 3401 1003 3433 oo
1014 3393 1108 3435 mourir.
1119 3384 1145 3435 Et

232 3471 324 3535 Polybo
342 3474 422 3537 ajoute
435 3476 599 3537 qir'Annibol,
623 3480 637 3525 h
656 3485 716 3527 ostis
743 3478 871 3535 noui-etto,
893 3480 968 3529 sontii
980 3480 1098 3531 o’sbsttre
1108 3494 1145 3529 ooo

231 3580 343 3629 coningo,
355 3582 385 3614 on
401 3576 490 3630 voyoiit
503 3569 525 3615 le
540 3572 608 3618 sinat
619 3578 641 3619 ot
660 3573 682 3619 lo
694 3573 779 3636 pouplo
791 3574 884 3620 romain
897 3588 1027 3623 conserver
1040 3591 1088 3625 nno
1099 3574 1147 3624 toilo

231 3659 334 3708 hauteur
348 3660 426 3709 d'tme
437 3678 469 3710 ou
485 3664 568 3711 miiiou
582 3664 622 3712 des
636 3666 690 3730 plus
704 3666 793 3731 grands
810 3666 935 3715 dissstres.
951 3668 1017 3719 C'est
1027 3671 1091 3719 ainsi
1107 3680 1147 3733 que

231 3750 376 3801 l'honnetoti'e
389 3754 462 3803 effisos
480 3763 532 3804 tout
543 3772 570 3804 ee
582 3758 624 3820 qui
639 3774 714 3807 suris
728 3774 860 3823 appareres
871 3759 984 3809 d'uiitirt.
995 3763 1099 3823 Asilius,
1111 3759 1147 3826 qui

230 3846 319 3892 nausii
332 3848 391 3894 ici-it
402 3856 470 3896 notro
484 3847 583 3897 histoire
592 3866 621 3898 on
638 3866 707 3914 grec,
725 3850 760 3900 dit
769 3866 815 3916 quo
828 3852 856 3902 do
867 3868 905 3903 oss
918 3853 960 3901 dix
972 3853 1121 3918 prisoonisrs
1131 3854 1148 3902 il
