2474 4694
99 695 152 755 tte
399 696 437 747 ne
458 695 578 745 oarrcue
598 694 680 740 arena
703 697 723 741 r.

102 814 298 886 aeqannllltate
311 811 466 869 exercenda
477 809 560 867 etiam
573 816 618 865 eet
635 807 754 865 facilitas
770 812 797 862 et
817 805 931 861 altitudo
943 808 1028 862 animi

102 929 164 987 quae
179 913 288 979 dicitur,
303 929 346 981 ne,
362 913 385 968 ei
400 912 547 967 irascamur
567 918 614 965 aut
630 909 821 980 intempestive
836 905 1028 962 accedentibus

102 1020 151 1069 aut
164 1012 336 1084 impudenter
350 1010 516 1082 rogantibus,
533 1010 560 1064 in
575 1007 760 1063 morositatem
779 1006 901 1060 inutilem
914 1011 943 1059 et
955 1003 1018 1059 odio

104 1126 162 1167 eam
176 1111 377 1167 incidamue.Et
388 1117 478 1166 tamen
492 1106 682 1180 improbanda
694 1114 738 1162 est
752 1106 932 1161 mansuetudo
946 1111 1028 1176 atque

103 1212 256 1281 clementia,
276 1219 307 1267 ut
325 1210 494 1276 adhibeatur,
519 1208 676 1281 reipublicae
694 1223 789 1272 cauea,
809 1207 951 1273 licueritne,
970 1207 1029 1262 sine

104 1329 158 1386 qua
172 1312 354 1369 administrari
365 1312 461 1368 civitae
474 1327 527 1366 uon
541 1317 641 1383 potest.
652 1308 748 1366 Omuie
761 1316 851 1365 autem
863 1315 890 1362 et
904 1308 1028 1363 animad-

104 1413 195 1470 uersio
209 1421 236 1470 et
249 1414 392 1485 castigatio
408 1412 573 1469 contumelia
587 1426 684 1467 vacare
698 1410 797 1479 debet,
815 1427 905 1481 neque
922 1410 957 1465 ad
972 1411 1030 1482 ejus

104 1513 152 1586 qui
166 1513 277 1586 punitur
293 1513 411 1585 aliquem
428 1519 476 1568 aut
494 1511 586 1566 verbis
605 1510 735 1583 castigat,
752 1509 800 1564 sed
817 1509 852 1564 ad
873 1507 1029 1580 reipublicae

105 1613 249 1669 utilitatem
262 1612 365 1669 referri.
382 1611 538 1668 &rendum
551 1618 593 1666 est
605 1610 687 1665 eliam
703 1625 736 1664 ne
752 1611 837 1681 major
850 1624 930 1682 poena
944 1626 1028 1681 quam

105 1713 184 1786 culpa
199 1713 245 1781 eit,
259 1720 286 1768 et
296 1729 329 1768 no
343 1712 437 1767 iisdem
448 1712 583 1768 decausis
595 1712 640 1768 alii
654 1709 816 1782 plectantur,
828 1709 874 1764 alil
886 1726 920 1764 ne
933 1698 1028 1782 appel-

106 1816 196 1872 lentur
205 1815 324 1888 quidem.
336 1812 506 1870 Prohibenda
516 1792 606 1869 autem
616 1814 732 1870 maxime
740 1820 783 1869 est
795 1815 833 1868 ira
846 1813 873 1867 in
881 1814 1027 1884 puniendo.

106 1919 252 1988 Nunquam
263 1918 335 1974 enim
352 1917 438 1972 iratus
452 1917 498 1988 qui
519 1915 629 1972 accedet
642 1916 676 1971 ad
694 1930 801 1988 poenam
816 1914 1029 1973 mediocritatem

106 2017 179 2074 illam
194 2017 306 2087 tenebit,
323 2025 442 2090 quaeest
461 2018 531 2073 inter
548 2017 661 2072 nimium
680 2024 708 2072 el
728 2032 839 2089 parum;
857 2032 920 2088 quae
940 2010 1033 2088 placet

107 2119 301 2193 peripateticis,
317 2128 346 2176 el
356 2125 429 2176 recte
442 2118 540 2191 placet,
556 2118 636 2175 modo
650 2136 684 2174 ne
698 2101 1028 2187 laudareut‘iracuudiam,

107 2228 135 2277 et
145 2220 382 2277 dicerentutiliter
394 2227 517 2276 enatura
530 2219 631 2276 datam
643 2218 691 2275 llla
701 2236 765 2277 vero
777 2219 903 2277 omnibus
915 2220 1036 2295 inachus⁴

106 2455 150 2514 lui.
165 2455 185 2505 ll
200 2454 254 2504 sant
264 2469 350 2504 encore
367 2454 543 2503 e'acooutumer
556 2457 571 2502 ἰ
582 2455 607 2503 la
625 2454 730 2503 douoeur
741 2464 766 2503 et
779 2456 795 2503 δ
809 2470 836 2504 co
848 2458 921 2520 qu'on
933 2473 1031 2506 nomme

108 2546 283 2612 magnanimite
297 2564 303 2593 ι
316 2561 367 2605 car,
381 2546 402 2595 ei
418 2562 480 2594 noue
495 2561 638 2609 repoueeone
654 2547 828 2608 bracquement
838 2562 870 2595 ou
880 2564 914 2596 un
928 2548 1031 2596 nieiteur

108 2641 232 2704 importun
248 2656 279 2688 ou
299 2656 333 2688 un
351 2639 485 2688 eollioiteur
500 2640 634 2693 temereire.
651 2656 713 2688 noue
730 2655 791 2687 nous
805 2639 885 2688 ferone
905 2641 959 2689 hair
975 2657 1031 2690 eene

108 2731 197 2778 utilite.
210 2732 230 2779 ll
246 2731 299 2780 faut
316 2732 378 2780 dono
398 2732 427 2780 dc
443 2733 577 2781 l‘allabilite
593 2743 617 2782 et
635 2733 664 2781 de
684 2733 710 2781 la
725 2733 840 2791 douceur,
860 2736 921 2783 maie
939 2736 957 2784 il
979 2735 1032 2785 suut

108 2824 184 2885 aucei,
199 2824 281 2887 quand
298 2825 316 2873 il
329 2827 401 2889 e'agit
415 2827 447 2874 du
461 2829 517 2875 bien
530 2828 560 2877 dc
577 2812 663 2886 l’airat,
677 2842 724 2875 une
741 2829 841 2876 severit&
856 2845 912 2877 eene
925 2830 1031 2892 laquelle

108 2913 131 2962 le
139 2923 329 2977 gourernemeut
339 2918 413 2964 eereit
420 2918 568 2981 impoeeible.
579 2917 667 2979 Quand
678 2934 709 2966 on
724 2926 759 2966 eet
768 2920 849 2983 obligo
857 2919 885 2967 de
891 2919 1030 2983 reprendre,

109 3020 141 3053 ou
154 3009 230 3055 meme
246 3007 275 3054 de
293 3008 394 3066 cluatier.
409 3010 428 3057 il
441 3009 494 3058 sent
508 3011 637 3058 e’abeteuir
656 3011 685 3058 de
704 3018 758 3060 tout
774 3020 884 3074 outrage.
900 3024 923 3058 ct
939 3013 1031 3059 n'avoir

110 3115 171 3164 pour
182 3101 226 3148 but
237 3116 283 3163 que
294 3101 318 3149 le
330 3101 386 3148 bien
404 3100 433 3148 de
448 3102 472 3149 le
484 3102 633 3165 republique‚
652 3119 708 3151 eane
726 3104 841 3152 charcher
861 3120 941 3152 aucun
961 3121 1032 3152 avan·

87 3250 99 3273 Ι,
109 3199 164 3256 tage
186 3208 247 3256 pour
264 3194 399 3241 eoi-meme.
414 3193 436 3242 Il
451 3193 504 3241 suut
515 3208 601 3241 encore
616 3194 718 3258 prendre
729 3196 806 3259 garde
820 3213 867 3259 que
878 3198 902 3245 lu
917 3198 986 3260 peine
1002 3213 1033 3244 ne

110 3284 157 3331 teil
170 3282 225 3346 plue
244 3284 336 3347 grande
350 3300 396 3347 que
408 3285 433 3332 la
446 3285 519 3342 lente,
542 3294 565 3332 et
581 3300 636 3347 que.
659 3301 719 3348 pour
736 3287 772 3335 lee
790 3289 879 3334 memes
898 3287 977 3345 deliis,
997 3287 1033 3334 lce

7 3420 10 3425 .
110 3393 156 3425 une
168 3392 198 3426 ne
209 3377 286 3426 eoient
295 3380 377 3442 punio,
391 3380 474 3427 tendis
483 3395 530 3443 que
539 3381 574 3429 lec
585 3389 665 3428 autres
677 3396 707 3428 ne
717 3389 773 3444 cont
785 3398 827 3446 pao
837 3386 914 3431 meme
925 3384 1034 3431 accurris.

110 3465 132 3516 11
143 3466 197 3514 faut
213 3474 309 3515 rnrtout
326 3483 355 3515 ne
367 3483 410 3531 pu
422 3468 521 3532 joindre
543 3470 569 3517 la
585 3470 662 3518 colere
677 3486 708 3518 eu
719 3471 870 3519 chitimeut:
885 3487 927 3519 oar
943 3472 1035 3534 jamnis

110 3561 172 3609 celui
193 3561 235 3623 qui
255 3563 344 3624 punire
360 3577 418 3611 areo
435 3572 609 3627 emporternent
628 3580 659 3613 na
677 3581 703 3613 ae
719 3565 813 3614 tieudra
828 3567 889 3613 dana
905 3581 942 3614 cce
956 3568 1034 3629 justes

110 3654 197 3703 bornee
208 3659 276 3702 entre
285 3655 309 3704 lo
318 3663 373 3720 trop
381 3667 405 3705 et
414 3657 437 3704 le
451 3665 504 3722 trop
512 3673 568 3721 peu,
582 3660 623 3722 qui
639 3668 695 3708 uout
705 3659 726 3706 ei
735 3661 930 3709 recommandeee
943 3676 987 3723 par
998 3661 1035 3710 les

111 3747 310 3811 peripatetioiene.
321 3750 353 3799 Et
363 3751 395 3798 ile
404 3751 516 3798 anteierat
525 3750 669 3814 pleinement
677 3754 769 3812 reiron,
781 3755 832 3801 e’ils
843 3769 873 3801 ne
885 3754 997 3801 suieeieut
1004 3768 1034 3801 en

111 3842 189 3889 meme
204 3847 283 3906 tempe
299 3842 385 3908 l’eloge
402 3843 431 3892 dc
444 3845 469 3893 lu
484 3844 572 3905 colere,
587 3862 681 3895 comme
693 3847 750 3895 d'uu
769 3850 863 3911 present
883 3861 1032 3914 erantegeux
