2364 4634
378 795 429 838 ors
450 793 582 849 narnias,
605 792 688 837 utrae
709 791 741 836 u.
960 776 1018 837 283

100 919 154 966 pars
171 907 311 967 honestatis,

100 986 171 1032 quam
184 975 280 1034 quidem
293 978 364 1038 cupio

99 1053 150 1084 esse
164 1042 314 1088 notissimum
329 1044 381 1099 tihi¹

99 1103 208 1152 consecto
221 1115 264 1154 est.

99 1167 151 1216 Hoc
163 1180 242 1219 autern
255 1172 284 1221 da
296 1189 343 1236 quo

98 1235 194 1296 aginaus
205 1253 271 1287 nunc

98 1303 166 1348 estid
177 1305 254 1365 ipsum

99 1367 163 1427 qnod
175 1371 310 1431 appellatur
322 1371 390 1417 utile.

99 1430 126 1479 ln
136 1448 184 1494 qno
195 1437 341 1483 consuetudo
353 1437 421 1498 lapsa

99 1497 196 1547 deflexit
207 1501 235 1548 de
250 1504 298 1560 via,

98 1566 233 1628 sensimque
245 1567 345 1615 deducta
356 1576 393 1617 cst
402 1582 438 1626 eo,

98 1638 125 1676 nt
136 1647 262 1680 secernens
271 1634 418 1681 honestatem

99 1696 128 1742 ab
143 1698 253 1757 utilitate,

73 1775 77 1782 ·
97 1765 253 1811 constitueret

98 1837 121 1873 et
131 1829 222 1890 aliquid
235 1845 285 1877 esse
295 1830 432 1887 honestum,

97 1894 160 1953 quod
173 1909 221 1942 non
230 1906 290 1942 esset
300 1897 367 1954 utile,

98 1968 121 2005 et
131 1961 199 2017 utile,

97 2025 160 2085 quod
174 2042 223 2073 non
234 2026 360 2075 honestum
374 2046 379 2074 :

97 2106 145 2150 que

97 2158 165 2204 nulle
177 2158 293 2220 pernicies
303 2160 381 2222 major

97 2226 175 2283 potnit
185 2223 263 2271 afferri

97 2290 152 2335 vitae
163 2288 298 2338 homiuum.

98 2353 239 2418 Philosophi

96 2435 191 2468 summa
201 2421 298 2483 quidem
309 2424 450 2469 auctoritate

96 2485 415 2551 distinguuntcogitationo‚

96 2566 176 2599 severe
187 2568 244 2599 sane

95 2625 167 2678 atque
182 2618 288 2680 honesto,

95 2682 147 2730 lines
162 2684 209 2731 tria
220 2698 309 2745 genera
322 2685 430 2732 conlisae.

95 2748 198 2796 Censent
208 2751 271 2797 anim

96 2814 213 2875 quidquid
226 2817 257 2862 sit
267 2816 369 2876 justum,

95 2879 119 2926 id
133 2894 183 2928 esse
195 2881 266 2928 etiam
280 2883 353 2935 utils:

96 2946 200 3008 itemque
212 2947 275 3008 quod
286 2947 424 3004 honestum,

96 3011 158 3057 idem
173 3014 284 3074 justnms

95 3090 124 3123 ex
137 3093 185 3139 qno
199 3078 301 3126 efficitur
322 3135 326 3140 Α

95 3152 122 3188 ut
136 3143 253 3205 quidquid
264 3144 296 3192 sit
308 3145 445 3203 honestum,

95 3208 156 3255 idem
172 3210 204 3256 sit
217 3210 284 3257 utile.

96 3274 166 3332 Quod

94 3340 135 3400 qni
148 3339 295 3402 perspiciunt
304 3358 397 3404 parum,

94 3405 119 3451 hi
132 3421 202 3467 saepe,
215 3407 360 3455 admirantes

95 3471 205 3518 homiues
216 3482 324 3521 versutos

94 3545 118 3583 ct
129 3537 238 3594 callidos,

91 3603 205 3664 judicant
215 3604 332 3652 malitiam

94 3669 244 3728 sapientiam.

94 3733 204 3792 Qriornm
217 3749 285 3781 error

94 3799 283 3860 eripiendusest,

95 3867 220 3925 omnisque
236 3864 317 3927 opinio

95 3931 243 3977 traducenda
254 3931 283 3979 nd
294 3946 345 3979 cam
356 3949 431 3997 spem,

478 910 503 957 la
512 911 587 972 partie
597 908 625 956 de
639 908 790 965 l'honntteti‚

476 976 580 1037 laquelle
592 976 606 1021 h
616 975 641 1021 ln
652 976 726 1021 verite
737 974 761 1035 js
777 973 854 1022 desire

477 1045 527 1088 etro
538 1043 694 1088 tres-connue
706 1043 721 1087 a
731 1041 775 1099 toi,

477 1123 492 1153 a
502 1109 537 1154 ite
550 1106 658 1154 achevce.

478 1173 538 1219 Mais
548 1189 574 1219 cs
585 1173 613 1218 de
624 1172 681 1234 quoi

477 1254 538 1285 nous
549 1239 649 1285 traitous
661 1238 811 1285 matutanant

476 1316 513 1351 est
522 1305 574 1352 cela
583 1306 659 1351 meme

476 1372 517 1431 qul
529 1378 565 1417 est
576 1371 658 1432 appeld
669 1369 756 1416 l’utile.

476 1435 511 1484 En
525 1437 581 1497 quoi
595 1436 686 1498 l’nsago
698 1439 771 1496 ayant
781 1433 873 1481 fait-nn
884 1431 998 1496 fans-pas

477 1503 533 1548 s'est
545 1501 660 1549 de'tourne
669 1501 698 1547 de
705 1501 730 1547 la
741 1505 802 1546 orata
812 1506 888 1559 route,

476 1577 499 1614 ot
513 1570 596 1629 peu-it·
615 1583 644 1615 aa
656 1582 670 1612 a
683 1566 720 1613 iti·
731 1567 815 1613 ameni
826 1565 859 1627 lh,

476 1649 521 1694 que
532 1636 600 1695 se'par
634 1641 644 1680 t
658 1631 803 1680 l'honntteti

477 1700 506 1745 de
517 1700 624 1756 l’utilite',

477 1766 492 1811 ll
505 1766 589 1813 etablts

475 1839 499 1878 et
510 1833 611 1893 quelque
625 1829 694 1877 chose
705 1833 755 1876 ntra
768 1827 880 1887 honnets,

475 1899 515 1958 qui
529 1914 558 1944 no
573 1899 610 1943 sut
621 1912 663 1958 pus
674 1896 741 1953 utile,

475 1971 499 2009 et
510 1969 600 2023 quelque
609 1965 670 2008 chose
683 1967 728 2008 ltro
742 1961 808 2018 utile,

475 2031 515 2089 qui
531 2045 560 2076 ue
571 2036 605 2091 [stt
617 2045 658 2091 pas
673 2028 793 2074 hornen:

475 2109 503 2140 en
517 2094 682 2156 comparaison
694 2093 782 2154 duquel
793 2107 859 2152 uscps

476 2175 554 2207 aucun
567 2161 628 2207 lidan
642 2160 696 2222 plus
706 2159 783 2221 grand

475 2227 514 2272 n’a
527 2243 558 2288 pu
569 2229 618 2272 etse
627 2227 725 2287 apporto

475 2292 526 2338 tla
538 2293 574 2338 vie
586 2292 626 2337 des
638 2291 754 2337 hommes.

475 2357 522 2402 Des
535 2356 687 2418 philosophes

475 2422 546 2469 d'nne
559 2423 692 2470 tres-haute
703 2420 806 2468 autoriti
817 2422 831 2466 a
841 2421 864 2467 la
876 2420 950 2468 virito

474 2487 623 2549 distinguent
633 2491 753 2535 seulement
765 2501 808 2550 par
818 2486 843 2533 la
853 2485 947 2548 pensa,

473 2555 642 2601 avec-severit&
657 2555 806 2600 assuremeut

474 2629 497 2665 et
510 2618 715 2676 avec-honnetete,

473 2700 512 2732 ces
523 2687 582 2733 trois
592 2700 677 2748 gentes
687 2682 831 2731 coniondns.

473 2750 505 2798 Ils
522 2760 620 2814 pensent
630 2766 659 2797 en
670 2749 724 2798 effes

474 2825 538 2864 touta
548 2818 619 2864 chose
630 2817 670 2877 qui
682 2824 717 2863 est
727 2815 801 2877 juste,

473 2884 566 2930 celle-lis
577 2887 627 2930 etro
635 2883 699 2929 aussi
714 2882 787 2937 utilas

473 2957 496 2995 at
510 2948 538 2995 de
551 2952 626 2995 meme
635 2964 677 2994 aas
687 2950 749 2994 citoss
759 2947 800 3009 qni
813 2954 843 2994 sst
855 2945 968 3002 honusta,

473 3018 621 3062 cette-meme
633 3014 702 3061 chose
714 3013 847 3076 strsjustsz

474 3079 503 3126 de
514 3081 569 3142 qnoi
584 3081 602 3127 il
613 3088 649 3127 est
661 3080 759 3142 produit
772 3079 800 3139 iil
816 3076 913 3139 resulta)

473 3160 518 3206 que
531 3154 598 3193 tonte
609 3146 680 3192 chose
691 3147 732 3207 qui
743 3152 780 3193 ost
790 3144 903 3203 honusta,

473 3214 620 3259 cetto-meme
633 3210 705 3259 chose
720 3218 757 3258 est
769 3211 838 3258 utile.

473 3277 586 3338 Laquolle
597 3277 668 3324 chose

473 3357 533 3389 ceux
546 3344 587 3404 qui
598 3344 721 3403 penetrent
733 3358 788 3406 pen,

473 3411 570 3455 ceux-ci
583 3415 691 3465 notarent,
705 3408 828 3457 admirant

473 3474 508 3521 les
519 3474 625 3521 hommes
635 3483 711 3521 retors

472 3548 496 3586 et
508 3540 608 3594 adscita,

471 3606 558 3666 jugem
567 3606 592 3652 la
603 3605 754 3654 me'chancsti

472 3677 516 3717 stre
525 3685 627 3733 sapesso.

472 3737 588 3797 Desquels
602 3738 701 3799 l'srreur

472 3801 523 3848 doit
533 3805 581 3848 etro
592 3805 714 3859 assacinis,

472 3877 495 3913 et
507 3875 572 3915 touta
585 3869 700 3930 l'opinion

472 3933 523 3981 doit
534 3937 583 3981 ttre
594 3937 691 3981 amenta
702 3937 717 3981 is
732 3939 793 3981 cette
803 3934 936 3995 esperanse‚
