2364 4634
134 722 191 779 510
416 709 454 756 ll!
472 708 591 757 omem
608 708 696 757 Hm
720 712 769 759 tlt.

166 829 199 897 Q.
213 828 323 899 quidem
334 827 467 895 scevola,
480 824 567 884 Publii
584 824 667 895 ilius,
682 842 776 901 quun
786 831 977 903 pululessne
986 834 1064 891 stubi

132 930 239 996 londos,
255 930 333 1001 cujus
344 936 450 1002 emptor
461 934 528 997 erut,
542 926 627 985 semel
644 924 941 1007 indiscretamque
953 933 1065 992 venditor

132 1033 166 1087 ita
190 1031 312 1099 fecisset,
338 1031 407 1087 dixit
424 1046 454 1087 se
479 1028 567 1103 pluris
587 1030 742 1100 mtim3
766 1030 949 1111 sddffltem
965 1044 1066 1095 αιιῑιιιιι

131 1133 212 1189 millio
221 1136 241 1188 ¹.
253 1134 339 1190 Nemo
351 1139 396 1189 est
405 1131 568 1205 quibooviri
579 1131 643 1189 boni
653 1130 857 1207 niueum
873 1136 1016 1211 sepientis
1027 1155 1063 1195 ns

129 1243 204 1307 gent,
217 1243 247 1291 ut
256 1236 279 1291 si
291 1234 403 1291 minoris
412 1250 496 1307 quem
505 1232 640 1308 potuisset
651 1232 841 1293 rmdidinst.
855 1238 930 1297 llos
939 1240 1065 1313 igiturest

129 1335 175 1390 iila
187 1334 330 1407 pernicies,
345 1333 418 1407 quod
435 1332 503 1390 elios
520 1332 616 1396 bonos,
639 1332 708 1390 ulios
723 1334 881 1407 sepientes
900 1339 1063 1397 uistiment

129 1436 167 1491 Ex
185 1452 239 1508 quo
255 1434 374 1491 Ennius·
392 1435 610 1507 «Nequidquam
628 1448 725 1507 supere
746 1435 932 1510 sedenim,
950 1441 1002 1515 qui
1018 1440 1064 1496 sibi

128 1537 178 1609 ipsi
197 1537 327 1608 prodesse
350 1553 403 1593 non
424 1536 551 1607 quiret.»
572 1533 642 1591 Vere
665 1534 693 1591 id
707 1535 836 1609 quidem,
866 1542 894 1597 si
914 1542 1064 1616 qinom

132 1658 145 1691 ι
159 1639 287 1709 prodesse
299 1659 313 1688 ι
329 1636 394 1692 inihi
404 1652 466 1693 curn
479 1637 567 1693 Ennio
581 1635 746 1693 conveniret
760 1638 944 1701 llenlonens
957 1644 1063 1719 quida

128 1739 272 1805 Rhodium,
286 1736 446 1811 discipulum
462 1736 720 1805 renuntiationis
733 1735 877 1809 iislibris,
892 1759 970 1817 quus
980 1744 1018 1802 ds
1027 1746 1064 1802 ol·

128 1840 198 1895 liciis
207 1840 315 1912 scripsit
323 1840 354 1908 Q.
363 1839 524 1907 Tuberoni⁵‚
534 1838 625 1895 dicere
635 1856 643 1894 t
655 1838 881 1913 sapientiem,
892 1846 965 1903 nibil
973 1855 1062 1905 cunin

129 1959 227 2008 mores,
244 1943 326 2014 leges,
343 1943 467 1998 institute
482 1942 635 2009 facientem,
650 1940 751 1998 bebere
764 1943 913 2003 retinuero
932 1950 975 2007 rei
988 1950 1064 2007 hmi-

126 2044 209 2100 lieris.
224 2045 318 2115 Neque
333 2044 405 2100 enirn
420 2043 508 2099 nolum
523 2042 601 2099 nobis
612 2041 713 2098 divites
726 2057 789 2099 esse
801 2044 955 2121 volumus,
969 2052 1019 2109 sed
1030 2050 1060 2107 li·

127 2143 208 2212 beris,
221 2145 390 2217 propinquis,
404 2144 506 2211 uminis,
521 2144 690 2218 meximeque
699 2142 872 2217 reipublicae.
884 2150 1061 2225 Singulorum

158 2390 187 2451 Q.
204 2390 309 2449 Scivole,
326 2388 365 2437 fils
380 2389 409 2438 de
421 2388 531 2445 Publius,
550 2394 626 2452 sysnt
638 2385 755 2436 demendi·
767 2388 842 2451 qu'on
855 2389 898 2441 tut
916 2394 959 2445 dit
967 2396 1061 2460 injuste

125 2483 179 2545 prix
192 2483 263 2530 d’nne
275 2490 336 2530 terre
349 2481 408 2544 qn'il
421 2481 513 2530 roulsit
523 2480 628 2537 nebeten,
642 2487 667 2528 et
674 2480 698 2528 le
708 2478 817 2528 uendeur
829 2481 854 2533 le
866 2482 909 2533 lui
923 2495 1005 2550 ayunt
1015 2488 1057 2545 dit,

124 2575 223 2624 senon
237 2576 273 2624 lui
286 2575 323 2624 dit
334 2591 380 2639 que
391 2582 453 2622 cette
470 2579 532 2621 terre
550 2573 625 2620 veluit
642 2572 786 2636 ‹lursntsge‚
806 2580 833 2622 ot
847 2588 878 2624 eu
903 2578 994 2630 donus
1007 2592 1059 2630 cent

124 2668 192 2715 mille
209 2679 322 2718 sesterces
339 2670 368 2717 de
384 2669 447 2731 plns.
464 2667 587 2715 Personne
599 2667 739 2730 uenisque
751 2672 814 2715 nette
824 2670 916 2721 sotinn
938 2675 1004 2724 u’est
1019 2690 1058 2738 pus

124 2759 182 2808 d'nn
195 2761 299 2809 bonneto
311 2760 418 2819 homme,
430 2761 493 2807 mnis
503 2774 533 2806 on
546 2758 645 2821 pre'tend
657 2758 745 2822 qu'elle
754 2758 817 2806 n'est
828 2774 875 2823 pus
885 2761 955 2814 d'un
964 2765 1057 2815 home

123 2868 189 2916 suge,
203 2862 283 2915 etque
296 2853 353 2900 n'est
367 2868 461 2901 comme
473 2853 512 2899 s'il
523 2852 590 2898 eveit
604 2851 683 2899 uendn
696 2867 739 2900 eon
751 2851 808 2899 bien
824 2855 912 2904 moins
923 2856 988 2908 eber
1000 2858 1055 2923 qn'il

123 2946 190 2993 n'edt
201 2948 238 2993 ite
251 2947 363 3008 possible.
380 2946 411 2994 Et
423 2947 488 2993 vuilit
500 2960 527 2992 ce
541 2944 582 3007 qui
595 2960 609 2990 ιι
621 2916 674 2992 tdot
687 2944 772 3008 perdo.
783 2945 844 2992 u'est
854 2945 958 2998 d'sroir
971 2952 1019 2999 mis
1029 2951 1055 2998 do

122 3040 148 3088 lo
160 3039 288 3087 differenee
300 3048 366 3086 entre
378 3039 403 3085 ls
416 3053 511 3101 eugenos
523 3047 547 3084 et
557 3037 582 3084 ln
593 3037 695 3099 probite.
710 3038 747 3086 De
755 3038 780 3085 lis
789 3036 857 3085 vient
868 3038 1015 3102 qu'Enuiuu
1023 3042 1055 3091 dit

122 3147 169 3195 qne
178 3133 202 3181 ls
212 3148 308 3195 sugesse
317 3140 354 3180 est
364 3132 435 3179 vnine
445 3133 464 3178 ei
478 3131 527 3178 l'nn
539 3145 569 3177 ne
581 3131 628 3176 seit
638 3146 679 3192 pus
689 3145 718 3177 en
730 3131 790 3178 tirer
802 3130 896 3180 utilite.
908 3132 971 3184 J’en
984 3136 1054 3185 diruis

122 3227 253 3275 volontiers
264 3231 358 3279 nuinnt,
375 3225 395 3271 si
409 3240 470 3272 noos
486 3225 565 3272 eniens
574 3222 686 3270 d'nccord
699 3239 741 3271 sur
757 3223 782 3270 lu
799 3224 973 3286 signification
989 3229 1020 3278 dn
1030 3244 1054 3277 ee

122 3326 173 3367 rnot
190 3320 272 3366 stilus.
287 3318 395 3366 liioston
407 3317 437 3365 dn
450 3316 559 3375 Rhodes,
576 3316 677 3378 discipln
694 3315 722 3364 de
736 3316 864 3375 Punetlns,
881 3317 919 3368 dit
935 3320 1002 3370 duos
1019 3338 1052 3370 ses

122 3410 194 3458 liures
210 3409 250 3457 des
265 3412 364 3463 Deuoirs,
383 3408 491 3456 adresses
509 3412 525 3456 d
540 3409 665 3467 Τιώόιοιι,
688 3410 745 3472 qn'b
760 3409 786 3456 ls
802 3411 880 3457 verite
898 3412 916 3460 il
938 3423 979 3462 est
996 3415 1051 3463 d'un

122 3504 226 3552 bonnus
238 3503 334 3551 lromrnn
344 3511 368 3551 et
380 3502 439 3550 d'un
451 3504 550 3551 bornme
565 3518 622 3565 suge
634 3502 663 3549 de
678 3517 708 3549 nu
719 3502 771 3548 rien
784 3502 845 3550 inire
858 3512 945 3553 contre
957 3507 995 3554 les
1009 3508 1050 3556 lois

120 3605 144 3643 et
157 3597 191 3645 les
202 3604 327 3645 nocturnes
339 3595 368 3643 de
381 3610 425 3644 son
442 3611 510 3659 pays,
524 3595 586 3643 ιιιιιίι
597 3609 644 3657 quc
656 3594 687 3641 dn
704 3602 765 3641 roste
778 3594 795 3641 il
809 3593 862 3642 doit
872 3596 1050 3662 s’uppliquers

120 3690 247 3738 initiarer
263 3704 290 3737 su
306 3689 412 3737 fortune.
429 3687 466 3736 Eo
484 3688 552 3743 silet,
570 3703 633 3736 nous
652 3687 741 3734 devnns
757 3694 812 3735 tons
829 3686 957 3739 soubuiter
975 3694 1050 3742 ‹l'etre

121 3779 207 3837 riolrer,
222 3782 422 3830 non-seulement
434 3797 495 3844 pour
505 3796 577 3840 nouo,
589 3782 651 3827 mnis
665 3795 726 3842 pour
737 3794 783 3827 nos
795 3779 902 3840 entonis,
915 3798 962 3832 nos
976 3786 1047 3842 suris,

120 3879 145 3918 et
155 3874 232 3920 minio
246 3888 306 3936 pour
322 3874 348 3922 ls
363 3874 523 3938 republiques
540 3888 582 3922 cnr
595 3875 630 3922 les
645 3872 764 3933 ricbesses,
775 3873 816 3923 des
828 3876 986 3938 particuliers
997 3880 1049 3930 iont
