2364 4634
10 27 844 331 -Ξ

593 142 662 177 Ιιι

405 804 457 850 uus
477 803 610 860 esverns,
633 801 719 847 sevus
740 803 758 847 1.
989 791 1045 846 123

119 933 197 982 seque
208 921 290 984 megis
304 922 324 968 si
342 928 401 969 suut
411 922 461 984 epti
503 930 526 969 et
536 920 647 967 ‹l'eulent
664 920 719 981 plus
737 919 788 966 s¹ils
799 924 854 966 sent
863 933 961 981 prepres

119 986 152 1032 sd
163 1002 214 1034 rem
227 987 367 1046 militsrem,
502 990 550 1037 ele
559 987 631 1034 chose
644 988 685 1047 (eu
695 986 787 1047 me'tier)
799 986 976 1048 dele-guerre,

118 1062 144 1099 st
155 1053 238 1115 cupidi
501 1062 525 1101 et
538 1053 648 1100 desireux

117 1119 282 1181 gerendorum
293 1120 421 1169 bellorum.
503 1119 531 1166 de
542 1120 657 1167 eeeduire
669 1118 710 1166 ‹lss
728 1133 835 1182 guerres.

118 1185 146 1234 Si
158 1195 241 1233 sutem
253 1187 367 1235 velumus
502 1186 564 1233 Meis
576 1186 595 1232 si
607 1201 668 1232 neus
680 1186 780 1232 seuleus

117 1251 230 1313 judiesre
241 1268 306 1309 sere,
497 1253 573 1315 juger
585 1253 742 1306 evoe-verite.

118 1319 205 1367 multus
216 1334 255 1367 res
269 1320 369 1368 urbunss
500 1319 530 1366 de
539 1320 788 1366 nembreusesuetiens
798 1317 870 1364 civile

117 1387 264 1433 exstiterunt
501 1400 527 1432 se
541 1392 597 1433 seut
607 1386 698 1431 elevees
717 1385 827 1444 (entelli)

116 1453 224 1513 ursjeres
236 1452 397 1516 clarioresque
501 1452 555 1514 ples
567 1451 672 1514 grandes
682 1459 706 1499 et
717 1451 770 1513 plus
781 1450 911 1497 <tolerantes

117 1532 193 1578 quern
205 1518 308 1566 bellicen.
500 1533 547 1579 que
557 1518 591 1564 les
602 1526 687 1564 estrees
699 1515 842 1581 guerrieres.

117 1582 236 1643 Qmmris
246 1585 311 1632 enim
500 1583 537 1631 En
550 1583 607 1630 silet
617 1585 722 1645 quelque

117 1649 293 1698 'l'hemisteeles
501 1650 661 1697 Themistocle

117 1715 235 1764 laudetur
242 1717 309 1780 jure.
500 1716 548 1763 seit
559 1717 614 1763 leue'
629 1720 643 1762 ls
654 1719 697 1762 ben
710 1713 780 1774 droit,

116 1794 140 1828 st
153 1797 241 1829 nemen
254 1782 308 1845 ejus
500 1792 524 1829 et
537 1798 585 1844 que
599 1783 690 1829 lenem
705 1781 782 1829 delui

116 1849 149 1895 sit
162 1849 286 1897 illustrius
500 1851 546 1896 seit
558 1848 613 1910 plus
625 1850 720 1896 illustre

116 1929 192 1976 qusm
202 1915 308 1967 Selenis.
500 1930 546 1975 que
559 1919 616 1961 celui
628 1914 750 1971 deSeIen,

116 1981 270 2044 Sulsmisque
281 1983 367 2030 citetur
499 1991 523 2027 et
532 1997 577 2043 que
588 1981 711 2030 Salamine
722 1982 769 2028 seit
783 1981 842 2028 eltis

116 2048 188 2094 testis
500 2049 682 2095 commetemoin

116 2114 229 2161 victoris
238 2113 390 2172 elerissiruss,
500 2113 571 2159 d'une
582 2115 681 2160 victoire
694 2111 879 2173 treeieletente‚

116 2195 174 2241 quae
183 2188 344 2242 anteponatur
500 2180 541 2240 qui
554 2181 600 2226 seit
617 2178 821 2226 mise-eu-dessus

117 2248 139 2292 ei
152 2246 257 2293 consilio
269 2246 375 2309 Selenis,
500 2245 528 2291 de
541 2253 602 2292 cette
614 2261 658 2292 vue
670 2246 699 2291 de
709 2245 794 2301 Seleu,

117 2327 168 2373 qno
179 2313 285 2373 primurn
499 2327 543 2372 per
556 2311 660 2372 laquelle
671 2309 959 2373 pour-ls·premihrs·l‘eis

117 2379 246 2425 coustituit
257 2378 433 2442 Areopagites:
499 2378 517 2423 il
539 2378 640 2424 institue
658 2378 693 2424 les
706 2377 864 2438 Areopagites
877 2393 883 2422 ι

117 2444 165 2491 hee
175 2443 335 2506 judiesndum
346 2455 383 2493 est
500 2443 549 2489 ceci
562 2443 613 2490 deit
622 2447 672 2489 ttre
682 2442 741 2503 juge

117 2525 168 2557 nen
184 2511 266 2558 miuus
277 2512 424 2574 prseelsrum
499 2524 548 2555 nen
562 2511 641 2556 meins
653 2510 765 2570 glorieux

117 2577 275 2637 qusmillud.
499 2577 617 2636 queeele.

116 2641 187 2691 Illud
200 2644 264 2690 euim
499 2643 556 2690 Cels
566 2644 600 2702 (le
614 2642 712 2689 sieteire
724 2640 754 2689 de
765 2639 898 2702 Selsmiue)
907 2654 937 2688 eu
951 2638 1008 2687 silet

117 2709 212 2770 proluit
222 2710 305 2768 semel,
500 2724 514 2753 u
524 2709 562 2755 lte
573 2709 632 2755 utile
647 2707 753 2755 une-seis
762 2711 891 2765 seulement,

118 2774 166 2823 hee
498 2776 546 2822 ceci
560 2775 769 2835 (l’etablissement
781 2773 808 2821 de
820 2774 974 2836 l'ereopsgs)

119 2842 227 2902 proderit
237 2857 330 2905 semper
343 2841 435 2889 civitati
448 2858 454 2888 :
498 2842 622 2888 sera-utile
638 2841 748 2902 teujeurs
760 2842 774 2887 ie
785 2840 811 2887 ls
821 2841 867 2888 cite
882 2857 889 2888 e

118 2907 166 2954 hee
179 2907 281 2957 eensilio
498 2923 541 2968 pur
553 2915 613 2954 eette
625 2922 671 2953 ves

118 2974 185 3036 leges
196 2973 388 3034 Atheniensium,
499 2975 532 3019 les
544 2974 589 3020 leis
602 2974 642 3020 des
654 2973 795 3028 Atheniens,

118 3038 165 3087 hee
175 3042 287 3088 institute
298 3040 420 3102 mejerum
499 3055 541 3100 per
553 3049 613 3087 cette
625 3056 666 3086 eus
677 3041 710 3087 les
722 3039 873 3087 institutieus
881 3039 922 3087 des
933 3043 1039 3087 sucttres

118 3113 254 3153 serventur.
498 3115 553 3153 sent
569 3107 716 3153 conservetis.

119 3172 150 3219 lis
159 3172 334 3220 Themisteelss
343 3170 440 3234 quidem
498 3172 528 3219 Et
540 3173 704 3220 Themistocle
715 3188 745 3219 eu
756 3174 831 3220 verite

120 3237 210 3285 dixerit
222 3238 285 3286 nihil
498 3254 526 3285 ee
538 3239 649 3300 peurrsit
662 3238 714 3286 dire
726 3239 778 3286 rien

118 3304 143 3350 ie
154 3320 202 3366 qne
216 3305 267 3366 ipss
497 3319 526 3351 en
539 3306 595 3366 quei
611 3306 734 3352 lui-meme

119 3370 241 3432 adjuverit
252 3373 421 3433 Areepegum
497 3372 531 3418 eit
544 3372 598 3417 uide
610 3372 772 3433 l’Areepsger

119 3448 144 3481 et
158 3437 200 3483 ille
497 3439 557 3483 mais
570 3437 671 3485 cetui-te
687 3441 790 3496 peuerell
802 3438 850 3483 dire

119 3517 173 3550 vere
495 3505 641 3550 esee-verite

117 3567 305 3616 Themistoclem
496 3569 656 3618 Themistocle

117 3635 229 3696 adjutum
239 3650 254 3681 a
264 3649 297 3681 ss.
495 3641 558 3682 aveir
569 3639 602 3682 e'te'
609 3636 664 3682 aide
675 3651 719 3697 pur
730 3635 861 3684 lui-meme.

118 3700 213 3748 Bellum
226 3703 291 3749 euim
303 3707 399 3763 gestum
410 3709 445 3750 eet
497 3702 533 3749 Eu
550 3701 605 3749 effer
616 3702 640 3748 le
652 3717 738 3765 guerre
754 3702 792 3748 sut
808 3702 866 3749 felte

117 3768 219 3815 consilio
234 3767 286 3830 ejus
299 3773 403 3826 senatus,
497 3783 540 3830 per
551 3769 586 3814 les
597 3783 655 3814 vues
667 3770 695 3816 de
706 3783 733 3815 ee
744 3770 822 3828 senet,

118 3842 160 3894 qut
171 3838 317 3881 constitutus
326 3843 377 3880 eret
497 3835 538 3895 qui
551 3837 615 3882 avait
624 3836 661 3882 e'te
673 3835 773 3881 institue

118 3914 133 3947 s
143 3900 240 3948 Selene.
496 3915 539 3961 pur
551 3900 633 3949 Seleu.

118 3965 185 4014 Lieet
199 3965 277 4015 dieere
289 3965 372 4013 eedem
497 3966 518 4014 ll
530 3967 669 4030 est-permis
682 3966 711 4015 de
723 3966 775 4014 dire
788 3966 822 4013 les
839 3968 926 4012 memes
938 3964 1022 4013 eheses
