2474 4694
416 819 468 865 uns
488 816 623 874 neroum,
646 817 730 862 urm
749 817 781 862 u.
1002 805 1058 865 ³01

139 936 336 999 arbitramurque
348 951 419 998 quem

140 1003 241 1065 dignum
258 1003 356 1051 fortune

139 1085 211 1131 quum
227 1070 394 1132 amphusium

140 1145 182 1183 uut
193 1137 284 1183 hubent
294 1137 366 1185 fidem
380 1137 428 1194 cui,

140 1211 163 1248 ct
174 1203 326 1251 arbitrantur

140 1270 199 1316 bene
209 1271 335 1317 consulere
347 1269 397 1316 mie
409 1269 493 1323 rebnst

140 1344 182 1382 unt
198 1344 310 1384 metuunt
324 1351 379 1399 open
392 1339 476 1398 cujum

140 1410 182 1448 unt
194 1410 288 1459 contre,

140 1483 154 1514 ιι
168 1469 256 1530 quibus
269 1474 410 1532 exspectent

140 1534 241 1598 aliquid,

141 1611 168 1647 ut
185 1617 260 1664 quum
273 1617 342 1664 reget

141 1667 279 1715 hominesve
291 1668 419 1731 populures

142 1743 278 1796 proponunt

141 1801 233 1863 aliquus
245 1800 400 1865 largitiones,

141 1878 184 1914 unt
196 1875 316 1930 postremo

142 1933 263 1983 ducuntur
275 1935 351 1996 pretio

142 2015 169 2046 uc
182 2000 291 2047 mercede
306 2017 312 2046 ι

142 2081 196 2127 qure
209 2069 271 2114 rutio
284 2076 320 2113 eet
330 2063 497 2111 sordidittimn

143 2133 184 2178 illu
196 2132 303 2193 quidem,

141 2208 165 2244 et
178 2198 383 2259 inquinatissima,

142 2271 165 2310 et
175 2263 213 2310 lris
226 2265 267 2325 qui
282 2272 394 2310 tenentur
404 2277 440 2313 eu.

143 2339 166 2377 et
182 2330 284 2393 illisqui
297 2339 416 2377 conentur

143 2395 273 2459 confugere
283 2397 313 2443 nd
330 2410 392 2442 cem.

143 2462 189 2509 Res
200 2464 262 2511 euim
274 2479 298 2509 se
310 2461 383 2509 habet
394 2460 463 2517 mele,

145 2544 218 2590 quum
230 2529 254 2576 id
269 2528 334 2591 quod
344 2528 414 2575 debet
425 2526 485 2574 ellici

144 2599 234 2643 virtute

144 2671 251 2709 tentetur
263 2661 374 2723 pecunie.

143 2727 188 2774 Sed
198 2729 313 2789 quoniam
325 2740 498 2788 nonnunquam

143 2793 189 2842 hoc
201 2795 335 2841 subsidium

144 2869 180 2907 eet
193 2862 363 2914 neceseurium.

145 2926 252 2974 dicemus
263 2924 464 2988 quemadmodum

146 2993 261 3040 utendum
274 2994 305 3040 sit
316 3009 354 3051 eo,

145 3061 163 3105 si
175 3059 309 3106 dixerimus
323 3061 389 3122 print

146 3125 175 3172 de
188 3127 218 3172 iis
229 3127 298 3171 rebus

145 3207 199 3252 quae
212 3192 395 3253 suutnropioree
404 3190 497 3238 virtuti.

146 3262 225 3319 Atque
241 3260 312 3304 etium
324 3257 434 3305 hominen

146 3339 171 3370 se
184 3325 318 3383 subjiciunt
335 3324 435 3384 imperio

146 3398 170 3436 ct
184 3391 295 3452 potestati
307 3391 407 3437 alteriue

147 3456 175 3502 de
189 3457 298 3516 pluribus
308 3457 386 3503 cautio
399 3471 407 3503 t

147 3522 268 3568 ‹lueuutur
279 3523 344 3568 euim

147 3600 189 3634 unt
200 3589 373 3644 benevolentia,

147 3664 189 3700 nut
203 3654 371 3716 maguitudino

147 3720 327 3772 beneficiorum.

148 3795 189 3832 uut
207 3788 348 3848 praestnutie
364 3786 499 3850 dignitatis,

148 3861 190 3900 eut
202 3868 243 3916 epe

148 3918 173 3965 id
186 3919 295 3967 futurum
307 3920 367 3968 utile
376 3919 431 3975 eibi,

149 3994 191 4032 eut
201 3993 267 4034 metu

520 944 543 983 et
553 938 667 984 estiment
677 936 808 998 quelqu'nn

521 1003 594 1066 digne
606 1003 677 1050 d'une
690 1003 785 1050 iortnne

520 1069 545 1116 ln
556 1070 609 1132 plue
622 1070 713 1131 grande
722 1071 782 1132 qu'r't
794 1079 826 1116 ιιι
838 1072 949 1132 noandum

520 1151 551 1184 on
563 1137 613 1183 r'iie
631 1144 673 1183 ont
686 1136 717 1184 soi
730 1151 760 1184 en
770 1137 910 1199 quelqn'un.

520 1212 543 1249 et
553 1203 641 1264 jugeut

521 1273 553 1315 tut
564 1268 617 1316 bien
634 1269 746 1331 pourvoir
760 1269 849 1318 ltleure
859 1270 957 1317 interut·
969 1285 976 1325 ς

521 1351 552 1382 on
569 1337 619 1382 s'ilr
631 1337 760 1397 crniguent
771 1336 797 1384 le
813 1338 940 1399 pniteenoe
955 1334 984 1383 de
995 1335 1060 1398 quel·

520 1418 552 1448 ou
564 1417 595 1448 nu
609 1404 737 1455 contraire.
959 1400 1059 1466 [qu'unt

519 1484 576 1515 ceux
587 1468 615 1516 dn
631 1469 672 1531 qui
685 1469 716 1516 ile
732 1467 856 1516 attendent

521 1536 621 1597 quelque
632 1535 712 1592 chose,

521 1616 613 1649 commo
623 1603 718 1664 lorsque
728 1601 762 1648 len
771 1601 819 1647 roie

520 1684 551 1714 on
567 1669 601 1714 les
612 1668 720 1715 lrommet
733 1667 867 1730 populaires

519 1744 648 1796 prouosent

520 1802 633 1863 quelques
645 1801 762 1864 largenee
774 1817 780 1857 ς

519 1882 550 1914 nu
564 1867 626 1914 enfin

521 1935 551 1979 its
564 1943 618 1980 sont
631 1931 744 1980 couduite
756 1931 858 1994 (uttirdt)
870 1946 914 1994 pur
925 1930 948 1978 le
960 1930 1014 1994 prix

520 2009 543 2046 et
556 2000 580 2046 ln
589 2003 741 2060 recompenso
756 2016 762 2045 ι

520 2066 598 2126 lequel
609 2066 683 2113 motii
691 2073 726 2113 eet
739 2066 761 2112 le
774 2064 828 2127 plue
836 2062 934 2113 sordide

521 2135 619 2179 celui-ld
631 2135 646 2178 it
661 2134 684 2178 lu
696 2133 779 2187 verite,

522 2209 547 2247 el
559 2200 580 2245 le
597 2199 650 2261 plus
662 2197 761 2250 luillmc.
950 2194 1003 2260 [pur
1014 2193 1056 2254 lui,

522 2271 545 2310 et
565 2280 625 2326 pour
642 2279 702 2312 ceux
725 2265 766 2325 qui
787 2270 842 2310 nont
858 2271 928 2310 tenue
951 2261 1059 2324 guidalto}

523 2339 546 2375 et
557 2345 616 2391 pour
628 2345 690 2377 ceux
703 2332 743 2392 qni
754 2338 875 2391 errnyeut'

523 2395 726 2444 d’uvoir-reeouu
741 2399 755 2442 it
770 2397 814 2442 lui.

523 2461 558 2509 Eu
571 2461 626 2508 eilet
636 2463 660 2509 lu
670 2461 740 2509 chose
752 2476 777 2508 se
786 2468 905 2523 comporto
919 2460 977 2514 mel,

523 2529 619 2590 lorsque
627 2543 654 2574 ce
666 2530 706 2589 qni
721 2528 771 2574 doit
781 2531 829 2575 utre
841 2525 939 2588 produit

522 2609 565 2656 par
579 2597 603 2642 ln
614 2602 681 2641 vertu

522 2671 557 2706 cst
567 2663 631 2708 tento
642 2676 685 2722 pur
698 2660 811 2721 l'eroent.

522 2727 584 2774 Mais
598 2742 727 2789 parceque
743 2723 893 2790 quelqneioit

522 2802 582 2841 cette
596 2808 717 2840 ressource

521 2868 557 2906 est
568 2861 708 2911 necessnire.

522 2941 583 2972 nnus
597 2926 679 2973 dirons
690 2930 810 2973 comment

523 2993 539 3038 il
552 2993 606 3038 sum
618 2992 761 3055 inire-usege
773 2989 801 3038 de
813 2989 857 3043 lui.

523 3060 543 3105 ei
555 3074 615 3106 noue
627 3074 702 3105 nvom
715 3058 780 3121 perid
792 3053 892 3105 d'rtbord

524 3125 552 3171 de
562 3140 600 3172 cen
614 3125 698 3172 choses

524 3193 564 3251 qui
581 3198 635 3238 sont
647 3193 701 3253 plue
713 3188 813 3253 prochet
824 3187 853 3235 de
864 3188 890 3235 le
901 3192 978 3235 ventu.

523 3257 554 3305 Et
566 3257 660 3320 ‹le-plus
676 3259 709 3303 les
718 3256 827 3304 hommes

523 3339 549 3370 oe
561 3332 706 3371 eoumetteut
717 3339 748 3369 uu
761 3319 972 3369 commendemeut

524 3400 546 3437 et
557 3405 588 3436 nu
601 3390 701 3452 ponvoir
716 3389 774 3436 d'uu
788 3395 857 3435 autre

525 3471 584 3517 pour
596 3457 714 3518 plusieurs
726 3455 809 3503 motiie
821 3470 827 3499 ι

525 3524 581 3583 ileu
596 3531 651 3569 sont
661 3524 756 3569 omenes
767 3537 795 3567 en
807 3520 863 3567 effet

525 3603 556 3634 ou
566 3603 609 3650 pur
621 3590 644 3634 ln
655 3588 836 3647 tuenveuunee,

526 3670 557 3701 ou
569 3670 611 3717 pur
621 3670 645 3701 re
657 3654 778 3713 grendeur

527 3721 566 3767 des
580 3721 698 3779 bient‘nits‚

526 3802 557 3834 on
571 3802 612 3849 pur
625 3787 765 3834 l'eminence
778 3785 807 3834 de
817 3783 951 3848 ledignite¹

526 3869 557 3900 ou
571 3869 613 3915 pur
626 3854 771 3917 l'espirnuce

526 3920 577 3966 colu
589 3920 669 3968 devoir
681 3924 730 3968 etro
740 3921 798 3967 utile
808 3919 823 3966 d
832 3918 989 3972 eux-minuet,

527 4001 558 4034 ou
572 4001 614 4047 pur
626 3988 650 4033 lo
662 3988 753 4034 erninte
