2474 4694
216 826 271 886 8⁷8
515 826 552 873 us
572 825 692 874 osricus
712 826 792 873 nmen
812 827 846 873 rr.

216 948 295 1004 iibro'
306 945 425 1001 recines.
439 945 494 1000 Hoc
501 950 591 1000 autem
602 951 723 1017 tempore
736 951 841 1001 tentum
851 944 931 1001 nobis
942 943 1132 999 declarandum

215 1046 265 1101 soit
284 1060 340 1110 cur,
363 1042 450 1099 orbati
471 1041 627 1115 reipublice
642 1042 808 1108 muneribus,
831 1041 934 1097 adhoc
955 1055 1003 1095 nos
1015 1040 1135 1095 studium

216 1148 387 1219 notissimum
397 1144 614 1202 contulissemus.

249 1248 407 1306 Occurritur
427 1254 517 1305 eutem
531 1246 619 1316 nobis,
638 1254 666 1303 et
686 1247 796 1320 quidem
814 1264 829 1300 a
850 1245 938 1302 doctis
961 1253 988 1300 et
1009 1243 1132 1311 eruditis,

214 1351 402 1425 quaerentibus
413 1351 517 1407 estisne
532 1355 690 1407 censentur
708 1349 795 1405 iecere
808 1348 957 1415 videamur,
974 1347 1030 1417 qui,
1051 1361 1133 1416 quum

214 1453 314 1528 percipi
326 1453 392 1509 nibil
406 1453 501 1527 poese⁸
510 1451 644 1519 dicamus,
658 1459 747 1507 temen
761 1449 858 1506 statiis
869 1449 991 1505 derebus
1002 1449 1135 1503 disserere

155 1566 160 1577 ²
214 1556 360 1623 edicemus,
375 1563 403 1612 et
415 1555 467 1612 hoe
481 1554 540 1626 ipso
554 1559 674 1625 tempore
688 1558 822 1625 praecepta
836 1549 917 1605 oiiicri
932 1565 1133 1620 persequamur.

214 1657 320 1725 Quibus
334 1656 430 1713 veliem
442 1656 510 1711 satie
523 1654 630 1727 cognita
644 1659 718 1708 esset
730 1660 821 1709 nostra
835 1656 978 1709 sententie.
992 1655 1052 1709 Nou
1062 1653 1133 1708 enim

214 1774 309 1813 sumus
318 1757 346 1828 ii,
355 1773 468 1828 quorum
480 1763 593 1826 rugetur
607 1754 715 1809 enimus
726 1771 826 1822 errore,
841 1772 892 1811 nee
903 1757 1002 1812 habeut
1014 1773 1134 1829 unquam

214 1860 278 1933 quid
285 1866 424 1930 sequetur.
433 1859 501 1928 Quae
512 1860 584 1915 enim
594 1857 647 1913 iste
659 1865 732 1914 esset
744 1873 828 1923 mens,
839 1859 883 1913 vel
894 1874 956 1928 qum
967 1860 1020 1914 vite
1031 1861 1132 1930 potius,

214 1978 267 2018 uon
280 1960 360 2017 modo
372 1958 536 2032 disputandi,
553 1958 601 2015 sed
615 1958 815 2014 etiemvivendi
825 1960 928 2015 ratione
939 1961 1063 2016 subiate?
1078 1964 1134 2017 Nos

214 2069 316 2130 eutem,
330 2068 361 2117 ut
372 2061 454 2117 ceteri
470 2062 522 2116 elia
540 2066 624 2129 certa,
648 2062 699 2116 elia
718 2062 820 2119 incerto
841 2080 903 2120 esse
917 2065 1020 2134 dicunt,
1037 2069 1083 2130 sic,
1099 2070 1133 2123 ab

213 2165 257 2221 bis
269 2163 469 2231 dissentientes,
488 2163 538 2219 etia
559 2163 720 2236 probabilia,
735 2167 892 2223 cuntraeiie
911 2186 964 2226 non
983 2170 1132 2242 probabilia

213 2282 273 2323 esee
282 2264 406 2321 dicimus.
419 2263 489 2331 Quid
506 2270 548 2320 est
561 2264 643 2335 igitur
656 2264 727 2337 quod
739 2281 783 2321 me
794 2265 924 2338 impediet
937 2284 977 2333 ee,
992 2283 1052 2339 qure
1067 2269 1132 2322 mitri

212 2496 258 2546 t’eit
267 2496 352 2559 expres
362 2508 423 2558 pour
431 2494 534 2557 inspirer
543 2507 592 2541 eux
603 2493 711 2542 hommes
722 2494 745 2540 le
753 2497 811 2557 gout
821 2492 849 2542 de
860 2494 885 2542 le
896 2494 1054 2558 philosophie.
1069 2496 1132 2544 C'est

211 2602 278 2638 esses
294 2587 387 2635 d'eroir
401 2584 516 2650 expliqud
526 2585 655 2647 pourquoi‚
671 2584 741 2647 sprbs
753 2583 822 2630 sroir
841 2585 878 2631 ete
892 2585 987 2648 &teigne
1009 2586 1050 2634 dee
1065 2587 1132 2635 sono·

211 2681 276 2728 tiens
286 2679 420 2743 pubtiques,
432 2677 459 2740 je
469 2692 508 2725 me
527 2678 577 2724 suis
586 2677 808 2740 partientieremenr
828 2680 941 2740 eppliqud
959 2682 973 2726 'e
989 2687 1050 2728 cette
1066 2691 1131 2728 sorte

211 2771 316 2821 d'dtude.

243 2864 307 2913 Meis
326 2878 359 2911 on
379 2877 417 2910 me
441 2860 487 2910 seit
511 2874 558 2908 une
586 2866 656 2908 autre
679 2861 810 2923 objection.
839 2861 887 2910 Des
906 2862 1015 2911 hommes
1037 2866 1077 2927 qui
1101 2882 1131 2913 ne

210 2963 342 3018 menqueot
354 2956 380 3003 ni
391 2954 486 3003 d'e'tude
498 2955 524 3001 ni
547 2952 576 3001 de
597 2955 690 3001 scienoe
710 2953 856 3002 demandent
879 2957 910 3015 si,
935 2964 989 3004 tout
1008 2972 1037 3004 eu
1051 2957 1131 3008 disent

210 3048 270 3111 qe’it
285 3048 327 3110 n'y
338 3064 353 3096 s
365 3063 408 3111 pes
417 3047 446 3095 de
455 3045 573 3094 certitudo
584 3045 693 3101 sbeolue,
713 3061 774 3093 nous
790 3062 894 3094 summes
904 3049 958 3096 bien
974 3052 1131 3111 consequente

210 3140 240 3190 de
258 3140 326 3188 venir
344 3142 429 3189 treiter
447 3148 513 3188 toute
532 3147 596 3187 sorte
613 3137 642 3186 de
656 3137 732 3200 sujets
748 3149 772 3186 et
788 3139 879 3188 donner
894 3141 934 3188 dee
950 3144 1070 3204 pre'ceptes
1089 3160 1130 3191 sur

209 3234 244 3283 les
256 3234 350 3282 deroirs
360 3233 421 3281 dele
430 3233 475 3281 vie.
484 3232 504 3281 Il
523 3233 626 3280 sernitb
643 3231 732 3279 desirer
746 3246 792 3294 que
816 3247 876 3279 ceux
895 3234 936 3294 qui
954 3236 1049 3296 perlent
1066 3234 1128 3282 einei

209 3329 302 3377 fussent
319 3328 401 3375 mieux
423 3326 535 3375 instruite
561 3325 591 3373 de
611 3340 654 3372 noe
674 3325 794 3388 opinions.
815 3325 835 3373 11
859 3327 909 3373 s'en
932 3326 984 3373 iniit
1007 3328 1061 3374 bien
1084 3343 1129 3390 que

209 3440 271 3474 nous
287 3439 375 3486 soyons
394 3423 422 3470 de
439 3437 500 3470 ceux
519 3423 560 3485 qui
575 3421 671 3470 flectent
686 3421 797 3483 toujours
814 3422 874 3469 dens
890 3423 912 3470 ie
928 3423 1000 3470 dente
1020 3433 1043 3470 ot
1060 3424 1130 3471 n'ont

210 3518 286 3567 ‹t'idee
297 3518 387 3565 erretde
398 3532 440 3564 sur
453 3517 509 3579 quoi
521 3529 605 3579 queue
617 3518 671 3564 soit.
686 3515 739 3577 Que
750 3517 823 3564 seruit
838 3524 907 3563 notre
923 3518 1005 3578 esprit.
1025 3532 1056 3563 ou
1076 3518 1117 3579 piu

209 3613 300 3674 totque
310 3611 382 3659 seruit
394 3617 464 3657 notre
473 3610 520 3665 vie,
535 3609 575 3656 s’il
586 3610 628 3672 n'y
639 3610 705 3657 erait
714 3609 765 3657 rien
781 3608 884 3656 d'urrdte'·
895 3611 919 3657 ni
933 3610 993 3657 dnus
1005 3626 1049 3656 nos
1062 3613 1128 3672 prin·

208 3704 273 3767 cipes
283 3705 308 3751 ni
321 3701 380 3750 dens
392 3710 460 3749 notre
471 3700 607 3750 conduite?
621 3701 656 3749 Le
675 3703 741 3750 seule
753 3701 881 3749 differenee
898 3703 957 3765 qu'il
974 3718 991 3764 y
1010 3704 1044 3749 eit
1061 3711 1128 3752 entre

207 3809 270 3843 nous
281 3802 306 3843 et
321 3795 357 3842 les
368 3802 448 3841 autres
462 3792 623 3857 philosopha,
637 3794 695 3840 e'est
708 3793 782 3854 qn'eu
793 3793 841 3840 lieu
859 3793 930 3853 qu'ils
948 3792 1026 3840 disent
1037 3795 1095 3856 qu‘il
1112 3806 1129 3852 y

207 3903 223 3936 s
234 3887 274 3935 des
283 3887 366 3936 choses
384 3887 500 3935 certniues
517 3893 541 3933 et
552 3885 593 3933 des
604 3885 688 3934 choses
704 3886 857 3948 incontrium,
872 3902 933 3933 nous
946 3886 1027 3932 disens
1039 3887 1097 3947 qn'il
1110 3905 1126 3949 y

207 3978 276 4028 edes
287 3980 371 4028 oboses
385 3978 512 4043 prebebies
527 3986 551 4028 et
567 3978 608 4026 des
624 3979 708 4027 ehoses
720 3977 891 4041 improbabies.
913 3976 960 4037 Qui
980 3978 1126 4041 m'empecue
