2474 4694
422 833 476 880 DES
495 834 630 893 Milonis,
654 836 738 881 Litus
760 837 781 882 Ι.

134 950 256 1012 Quocircs
268 953 357 1001 veritus
520 954 711 1017 C'estpourquoi
720 958 746 1005 ls
757 955 832 1004 verite

134 1018 293 1080 subjectsest
304 1019 372 1078 hnic,
520 1021 580 1068 cete
594 1024 705 1083 proposes
717 1025 732 1071 s
743 1031 803 1071 cette
813 1031 884 1077 urso,

133 1086 206 1146 qussi
216 1088 317 1133 muteris
327 1101 399 1148 quum
408 1093 494 1135 tractet
519 1101 613 1135 comme
622 1103 669 1135 une
680 1090 778 1137 moticre
787 1089 874 1151 qu'elle
884 1086 953 1136 doive
963 1087 1047 1137 treiter

132 1152 194 1198 etin
205 1167 253 1213 qus
265 1164 380 1201 versetur.
519 1163 542 1199 ct
553 1153 613 1201 dens
624 1155 729 1216 laquelle
743 1155 789 1202 elle
800 1154 868 1204 doive
879 1170 904 1204 ee
913 1156 1034 1205 mouvoir.

133 1217 226 1265 Tribus
235 1231 315 1267 sutem
326 1220 457 1268 virtutibus
521 1219 710 1269 lleissuxtrois
722 1230 804 1270 vestus
829 1257 834 1267 .

133 1285 236 1345 reliquis
521 1287 668 1346 qui-restent

133 1351 264 1413 propositos
276 1360 332 1401 sunt
340 1353 494 1402 necessitates
520 1353 607 1400 ontetd
618 1354 731 1415 propose's
742 1354 777 1403 les
788 1354 882 1405 besoiut

133 1417 295 1479 adpetendus
520 1434 581 1480 pour
589 1420 699 1481 scque'rir

133 1484 285 1547 tuendusque
296 1500 336 1532 eus
349 1501 397 1547 res,
520 1493 544 1531 et
556 1501 681 1534 conserver
690 1501 729 1534 ces
740 1486 827 1550 objets.

131 1551 224 1612 quibus
237 1552 375 1601 continetur
520 1550 581 1598 deus
592 1553 696 1614 lesquele
708 1561 763 1601 sont
772 1553 917 1604 sensermdes

132 1619 199 1664 nctio
211 1619 283 1665 vitre:
519 1617 553 1664 les
564 1617 783 1667 fonctions-actites
797 1620 826 1669 de
838 1621 863 1668 ls
874 1622 929 1671 vie:

132 1692 162 1729 ut
177 1692 201 1730 et
212 1686 313 1732 societas
519 1682 567 1730 elin
577 1700 623 1746 que
632 1695 655 1733 et
667 1686 690 1733 ls
701 1687 788 1733 occidte

131 1751 323 1813 conjunctioque
336 1750 462 1798 hominum
519 1759 543 1796 et
552 1750 645 1798 l'union
653 1751 811 1800 deshommcs

132 1826 254 1872 servetur,
519 1816 598 1864 soient
618 1819 778 1872 meinteuues.

131 1893 157 1930 et
166 1884 310 1932 excellentia
519 1888 543 1929 et
556 1899 598 1943 que
608 1883 632 1930 le
643 1886 806 1945 preeminence

131 1950 354 2014 megnitudinoque
367 1952 441 2000 enimi
518 1957 541 1995 et
553 1949 577 1996 le
586 1950 709 2011 grendenr
721 1950 750 1999 de
760 1953 831 2000 l'tme

130 2017 235 2074 eluceat,
519 2015 626 2071 brillent.

130 2097 208 2145 quum
223 2085 248 2130 in
266 2082 385 2146 sugendis
395 2085 488 2148 opibus,
518 2080 590 2128 d’une
602 2092 655 2145 pert
664 2098 693 2131 cn
705 2091 865 2148 augmentent
872 2085 907 2134 les
917 2085 994 2144 biens,

130 2151 350 2213 comparandisque
517 2155 541 2194 et
552 2162 582 2195 en
595 2152 726 2211 acquirent

130 2217 281 2264 utilitatibus
518 2213 559 2260 des
570 2227 702 2279 eventegcs

130 2292 157 2330 ct
168 2284 212 2330 sibi
223 2292 247 2331 et
256 2286 315 2338 eois.
517 2285 541 2327 et
554 2295 614 2342 pour
622 2282 745 2331 soi-meme
755 2291 779 2331 et
792 2298 853 2346 pour
862 2284 898 2333 les
909 2284 981 2345 siene,

131 2359 185 2396 snm
197 2351 276 2398 multo
289 2349 369 2413 magle
518 2345 681 2410 d'eutre-pert
693 2350 749 2397 bien
761 2349 898 2414 dnvsntuge

131 2416 158 2462 in
170 2415 327 2478 despiciendis
338 2416 377 2465 hie
389 2416 456 2479 ipsis.
518 2426 547 2458 en
560 2414 693 2474 meprissnt
704 2431 743 2463 ces
754 2420 815 2463 ciem
827 2420 924 2465 memes.

131 2481 200 2530 Ordo
213 2493 304 2539 autem,
518 2478 579 2526 Mitis
592 2478 691 2538 l'ordrc,

130 2551 308 2610 eteonmntis,
316 2549 489 2614 amortisatio,
518 2554 540 2591 ct
552 2544 576 2592 le
588 2557 726 2606 constance,
739 2556 763 2596 et
775 2549 799 2596 le
811 2546 967 2606 moderatiori,

130 2624 155 2662 et
167 2630 196 2664 es
517 2620 541 2658 ct
552 2627 591 2660 ces
603 2622 678 2661 cerem

130 2696 187 2744 qun
198 2690 256 2729 eunt
269 2683 360 2731 similia
372 2682 419 2741 his,
518 2679 559 2739 qui
573 2689 627 2726 scut
640 2679 784 2730 semblables
795 2685 810 2731 h
821 2684 942 2744 celles-ci,

130 2759 263 2796 versentur
272 2750 297 2796 in
307 2765 335 2797 eo
344 2765 440 2813 genere,
517 2759 542 2791 sc
553 2752 665 2793 trouvent
677 2747 736 2793 dens
749 2754 810 2796 cette
821 2751 912 2812 erpone,

130 2815 161 2862 sd
171 2815 236 2878 quod
249 2808 387 2865 adhibenda
397 2825 434 2865 est
517 2813 533 2859 ὰ
545 2812 648 2873 laquelle
657 2813 707 2860 doit
718 2816 768 2861 etse
780 2816 904 2880 employee

131 2882 244 2945 quedem
256 2883 328 2937 actio,
519 2893 565 2923 une
577 2880 682 2926 certninc
693 2880 782 2939 action,
952 2880 1061 2947 [l'esprit.

130 2964 180 2996 non
192 2949 273 2996 ,otum
282 2949 384 3010 agitatio
393 2950 489 2998 mentia,
517 2951 538 2990 rt
551 2959 598 2990 non
612 2960 653 3006 pus
662 2945 799 2995 'seulement
814 2963 862 2996 une
873 2948 1019 3012 applicetion
1033 2949 1061 2995 de

131 3013 281 3063 Adhibentee
292 3017 357 3064 enim
518 3009 554 3057 En
565 3010 627 3065 etiet,
642 3013 782 3074 employent
795 3014 826 3075 (si
838 3029 900 3063 nous
910 3016 1060 3080 employonsl

131 3081 261 3143 quemdem
274 3083 372 3129 modum
518 3091 565 3122 une
576 3079 681 3124 certeine
692 3094 785 3126 mesore

130 3157 155 3194 et
166 3148 277 3195 ordinem
288 3147 326 3195 liis
337 3150 409 3196 rebus
518 3151 541 3190 el
553 3158 585 3189 1111
599 3149 685 3189 certain
697 3145 767 3192 ordre
776 3148 791 3192 i
801 3161 840 3193 ces
851 3145 935 3196 ώσω

131 3229 186 3276 qun
196 3222 334 3262 tractentur
344 3215 368 3262 in
381 3216 440 3272 rite,
518 3210 558 3270 qui
571 3218 626 3255 sont
637 3211 743 3258 munides
758 3211 817 3259 dens
828 3214 852 3259 ln
864 3213 911 3271 nie¹

130 3280 329 3328 conservabimus
518 3290 579 3321 nous
594 3291 764 3325 conservemus

130 3346 281 3395 honestatem
292 3356 316 3394 et
328 3346 409 3396 decue.
420 3347 492 3412 [locis
516 3340 663 3390 thonnnete
677 3350 701 3390 et
713 3343 737 3391 le
748 3344 896 3393 bicnedance.

165 3412 212 3462 VI.
229 3413 267 3462 Ex
287 3424 392 3474 quatuor
410 3425 489 3461 eurem
550 3407 594 3455 vl.
606 3408 667 3455 Mon
678 3410 718 3456 des
730 3419 813 3471 quatre
824 3425 921 3459 sources

131 3479 158 3528 in
174 3495 234 3542 quoe
245 3480 372 3527 divisimus
517 3482 584 3521 entre
596 3475 721 3537 lesquelles
734 3489 795 3524 nous
805 3493 880 3525 nrons
895 3479 981 3540 riperti

131 3556 246 3594 naturam
261 3546 358 3608 vimque
370 3545 475 3602 honesti¹
517 3540 541 3586 lc
553 3549 639 3588 neture
649 3550 672 3588 et
684 3542 797 3591 l’essence
806 3543 834 3592 de
845 3543 976 3606 Phoenice,

131 3614 176 3662 illc
190 3614 291 3675 primus,
516 3616 577 3654 cette
588 3608 713 3669 premiere,

132 3680 174 3740 qui
187 3679 298 3728 consistit
518 3675 559 3734 qui
580 3675 684 3721 01111ῦί8ῑο

131 3747 156 3794 in
174 3747 315 3807 cognitione
327 3743 385 3802 neri,
517 3739 578 3787 dens
589 3740 614 3786 ln
625 3741 797 3790 connaissance
810 3741 843 3790 du
861 3742 922 3800 ursi,

131 3814 233 3876 attingit
244 3811 351 3858 maxime
518 3806 605 3854 touche
617 3806 639 3853 le
654 3807 709 3868 plus

132 3888 247 3926 nutursrn
258 3877 401 3925 humanum.
517 3873 541 3919 ln
554 3880 639 3920 nature
649 3872 773 3921 humeine.

131 3945 224 3995 Omnes
236 3945 301 3992 enim
315 3942 435 3991 trahimur
517 3939 583 3988 Tous
593 3954 621 3986 eu
631 3939 687 3986 edet
698 3956 869 3989 noussommes
882 3942 1002 3990 eutretnis

131 4022 157 4061 et
167 4011 282 4060 ducimur
517 4014 541 4054 et
552 4020 613 4053 uuus
624 4021 726 4054 eommes
737 4005 847 4056 conduite
