2474 4694
189 664 244 722 128
491 658 528 703 ΒΕ
549 656 668 704 orticius
688 659 770 703 truta
793 658 813 704 Ι.

192 777 252 831 aine
265 776 394 832 exercitu.
407 775 475 831 Illud
489 782 579 832 autem
591 776 722 849 optimum
733 781 785 842 est,
798 774 827 831 in
841 775 915 848 quod
927 775 1019 833 invadi
1029 775 1120 831 solere

192 869 227 925 ab
240 869 367 943 improbis
382 876 408 925 et
423 868 524 924 invidie
537 868 639 924 audio:

285 1006 378 1057 Cedant
389 1021 459 1057 arma
473 1014 552 1071 toga33
567 1006 686 1057 concedat
699 1006 784 1058 laurea
794 1005 871 1057 laudi.

193 1141 228 1197 Ut
247 1141 320 1197 euim
335 1140 405 1197 alios
425 1144 558 1210 omittam,
581 1142 660 1196 nobis
678 1138 873 1213 rempublicam
892 1140 1117 1210 gubernantibus,

192 1251 282 1293 nonne
292 1243 362 1307 togae
376 1253 450 1294 arma
465 1236 596 1293 desseret
611 1238 705 1309 Neque
718 1237 790 1292 enim
809 1237 836 1292 iu
856 1236 995 1308 republica
1010 1238 1119 1310 perieu-

192 1328 248 1384 ium
262 1329 314 1386 iuit
325 1331 434 1402 gravius
446 1347 577 1402 unquam,
592 1332 737 1401 necmajus
751 1331 854 1386 otium:
875 1331 911 1388 ita
925 1332 1048 1387 consiliis
1062 1332 1120 1386 diti·

191 1421 338 1492 gentiaque
348 1429 440 1478 nostra
449 1423 572 1479 celeriter
584 1422 618 1479 de
631 1424 756 1479 manibus
767 1424 1009 1480 audacissimorum
1020 1425 1119 1480 civium

193 1512 303 1585 delapsa
318 1530 393 1570 arma
412 1516 470 1587 ipsa
485 1514 650 1573 ceciderunt.
664 1517 732 1584 Quae
754 1518 895 1588 redigitur
910 1525 986 1588 gesta
1000 1534 1119 1589 unquam

192 1604 220 1660 in
234 1606 304 1663 beiio
318 1608 414 1663 tanta?
427 1609 473 1679 qui
485 1609 637 1681 triumphus
652 1609 851 1666 conterendus?
863 1612 937 1667 Licet
952 1612 1024 1667 enim
1045 1611 1120 1679 mibi,

193 1699 282 1754 Meroe
294 1697 342 1764 fili,
358 1700 428 1772 apud
440 1710 466 1756 te
478 1700 597 1771 gloriari,
606 1699 640 1754 ad
654 1717 735 1771 quem
746 1708 774 1756 et
786 1700 927 1757 hereditas
940 1702 1019 1774 hujus
1029 1701 1120 1774 gloriae

193 1798 221 1849 et
233 1792 366 1848 factorum
378 1794 491 1849 imitatio
504 1794 630 1865 pertinet.
641 1793 706 1848 Mihi
718 1793 829 1865 quidem
841 1804 914 1851 certe
924 1796 965 1850 vir
976 1795 1120 1851 abundans

192 1885 297 1942 beiticis
311 1886 446 1951 laudibus.
463 1890 512 1944 Cn.
527 1888 788 1960 Pompeius-multis
802 1889 986 1957 audientibus,
1003 1889 1054 1942 boo
1068 1888 1120 1941 tri-

193 1977 264 2050 buit,
279 1987 308 2032 ut
321 1978 425 2035 diceret
438 1979 537 2035 frustra
555 1996 585 2036 ee
605 1982 713 2036 tertium
731 1981 895 2051 triumphum
913 1981 1120 2053 deportaturum

194 2069 287 2138 fuisse,
303 2073 367 2142 uisi,
381 2092 441 2131 meo
459 2076 486 2130 in
504 2075 699 2149 rempublicam
717 2075 858 2142 beneficio,
876 2075 922 2128 ubi
938 2073 1117 2145 triumpharet

193 2172 267 2221 esset
281 2164 435 2223 habiturus.
451 2170 520 2225 Sunt
538 2184 603 2240 ergo
620 2167 968 2225 domestioaeiortitudines
983 2184 1036 2223 non
1052 2166 1121 2221 inie-

194 2386 251 2450 quoi
266 2401 313 2449 qua
325 2388 434 2450 puieaent
447 2388 499 2437 dire
516 2389 552 2438 les
563 2390 690 2440 mechante
708 2398 732 2439 et
745 2389 780 2438 lea
793 2389 906 2447 envieux,
927 2388 986 2437 o'eet
999 2387 1120 2435 unebetle

194 2475 306 2523 maximo
317 2490 363 2537 que
376 2491 383 2522 r

328 2606 416 2651 Cedant
426 2621 488 2651 arma
500 2615 569 2670 toga,
580 2607 692 2652 concedet
704 2607 780 2652 laurea
788 2606 861 2654 laudi.

195 2736 251 2792 Cer,
263 2749 325 2796 pour
344 2749 375 2781 ne
386 2735 455 2797 point
466 2737 545 2800 parler
557 2735 597 2784 des
609 2744 700 2794 uutroe,
712 2750 769 2783 aoue
780 2751 836 2784 mou
852 2734 974 2791 consulat,
990 2734 1026 2781 les
1042 2748 1123 2781 armes.

195 2818 335 2867 mont-elles
346 2834 388 2881 pas
399 2818 456 2866 cedd
467 2821 483 2867 b
494 2820 519 2867 la
532 2818 610 2882 rogo?
623 2819 718 2868 Jumaie
734 2820 760 2867 la
780 2819 924 2882 rdpublique
940 2833 970 2866 ne
982 2827 1070 2866 oourut
1087 2834 1121 2865 uu

195 2901 287 2965 danger
307 2901 362 2964 pluo
384 2904 479 2951 serieux
490 2909 515 2950 et
527 2919 558 2949 ne
573 2903 640 2965 jouit
651 2904 723 2951 d'uno
735 2903 792 2966 puix
804 2904 859 2966 plus
877 2901 1004 2965 proionde.
1018 2902 1122 2951 Grr'rceb

196 3001 247 3035 mes
258 2987 371 3041 commite,
390 2988 472 3034 'amon
490 2988 595 3043 naurire,
613 3003 645 3034 on
658 2987 693 3034 vit
710 2994 764 3034 tout
774 2987 832 3034 d'un
845 2987 954 3050 couplet
967 3002 1046 3034 urmes
1057 2995 1120 3034 tom·

195 3071 238 3119 ber
250 3070 292 3119 deo
304 3070 383 3118 mains
400 3070 440 3118 des
457 3072 565 3133 aitoyena
579 3072 614 3118 los
630 3072 684 3134 plue
698 3072 843 3119 audacieux.
863 3072 955 3119 a-t-on
968 3071 1057 3133 jammis
1069 3073 1120 3118 rien

197 3151 242 3202 tata
253 3152 282 3201 de
294 3154 350 3216 pius
362 3154 475 3217 glorieux
488 3169 533 3216 par
544 3155 570 3201 la
583 3155 648 3202 soree
661 3155 702 3202 dea
714 3153 814 3204 armoe?
830 3163 854 3202 et
863 3155 918 3217 quel
932 3155 1051 3217 triomphe
1064 3164 1122 3216 peut

197 3253 222 3285 aa
233 3239 386 3300 comparer&
403 3254 459 3286 mon
471 3236 571 3285 succes?
588 3254 631 3286 oar
645 3240 663 3286 il
676 3239 747 3286 m'est
758 3255 814 3286 sene
831 3239 903 3286 doute
913 3239 1011 3302 permis,
1025 3240 1122 3285 Marcus

197 3336 254 3369 mon
266 3319 320 3382 filo,
344 3321 373 3368 do
392 3337 430 3368 me
445 3322 554 3384 gioriiier
572 3324 659 3385 auprbe
675 3322 705 3370 de
724 3338 783 3370 vous
803 3323 876 3370 d'une
893 3324 971 3386 gioire
989 3323 1049 3370 dont
1063 3338 1122 3369 rous

199 3406 374 3463 deveniebat,
385 3405 458 3453 d'une
468 3405 581 3455 oonduite
590 3408 650 3469 qu'il
657 3423 717 3455 roua
724 3409 860 3471 appartient
869 3407 982 3455 d'imiter.
992 3405 1041 3456 J'ui
1052 3407 1122 3454 d'au-

197 3498 252 3539 tant
262 3491 318 3554 pius
329 3490 358 3538 de
373 3489 437 3538 droit
447 3490 476 3538 da
494 3491 517 3537 le
534 3491 601 3548 saite,
619 3507 665 3554 que
682 3492 785 3554 Pompe'e
798 3494 883 3547 meme,
902 3492 944 3553 qui
960 3493 1025 3538 aruit
1039 3492 1123 3553 ecquis

197 3582 252 3624 taut
280 3574 310 3622 de
336 3574 448 3639 gloireb
473 3575 499 3622 lu
518 3591 617 3639 guerre.
648 3577 697 3623 m’a
725 3575 804 3623 reudu
827 3576 1011 3638 pubiiquemerrt
1032 3591 1059 3622 oo
1087 3576 1123 3622 te'-

198 3659 339 3724 moignege.
364 3660 435 3721 qu'en
457 3660 514 3706 vain
534 3661 643 3709 auraitil
670 3661 754 3711 merite
775 3677 837 3724 pour
852 3661 877 3708 lu
890 3661 1012 3708 troisibme
1030 3660 1075 3708 fois
1089 3661 1123 3708 les

198 3741 322 3791 honneure
340 3741 373 3788 du
393 3742 522 3805 triompho,
542 3744 563 3791 ei
584 3760 625 3792 ma
639 3760 733 3807 segesta
756 3761 786 3793 ne
806 3745 840 3792 lui
865 3746 930 3792 uveit
950 3744 1123 3792 oonaerrouuo

200 3830 277 3894 patrie
292 3829 324 3878 ou
341 3828 359 3876 ii
370 3830 414 3891 pbt
424 3828 460 3876 les
470 3829 585 3879 receuoir.
597 3829 618 3880 11
630 3848 646 3895 y
660 3846 676 3878 a
689 3833 753 3881 dono
767 3847 814 3879 one
826 3831 910 3880 vaieur
922 3831 993 3879 civile
1006 3831 1047 3893 qui
1063 3829 1124 3878 u'ast
