2364 4634
134 807 189 860 502
422 816 458 861 oa
477 816 598 863 urricus
618 818 702 865 trun
725 822 771 867 ru.

131 948 184 1001 quo
194 938 286 1003 optato
298 932 450 1003 impetrato.
464 933 582 989 Theseus
590 933 618 989 in
629 936 759 991 maximis
769 938 824 993 suit
835 939 968 999 luctibus.
979 943 1052 1010 Qud

131 1026 314 1094 Agamemnon
328 1042 412 1096 quum
426 1026 580 1082 devovisset
597 1026 689 1083 Dianae
703 1030 780 1099 quod
793 1030 823 1085 in
842 1049 899 1088 auo
913 1052 993 1107 regno
1006 1033 1053 1109 put·

129 1117 290 1173 euerrirnum
304 1126 396 1174 natum
411 1127 486 1174 esset
498 1120 543 1174 iilo
554 1136 638 1183 anno.
651 1122 804 1177 immolavit
817 1124 998 1199 Iphigeniam,
1013 1148 1053 1201 qur

131 1211 195 1265 nihii
206 1221 263 1266 erat
276 1229 307 1267 eo
317 1213 427 1284 quidem
437 1230 508 1269 anno
520 1222 613 1269 natum
625 1212 780 1286 pulchrius3
795 1221 970 1288 promissum
979 1226 1054 1296 potins

131 1322 181 1359 non
205 1306 356 1360 iaciendum
374 1322 455 1377 quarn
471 1316 525 1363 tarn
542 1315 641 1363 tetrum
656 1306 764 1365 facinus
784 1310 991 1371 admittendum
1005 1316 1053 1370 tuit.

130 1398 196 1459 Ereo
211 1405 238 1452 et
252 1399 384 1469 promissa
401 1416 453 1454 non
472 1398 595 1456 sarienda
611 1416 824 1473 nonnunquam
847 1423 942 1481 neque
961 1424 1054 1479 semper

128 1492 251 1561 deposita
264 1492 398 1547 reddenda
413 1501 486 1548 sunt.
500 1494 528 1549 Si
542 1493 662 1566 gladium
676 1495 737 1565 quia
749 1498 825 1569 apud
841 1507 872 1554 te
881 1518 960 1559 aanae
970 1506 1053 1557 mente

128 1585 292 1656 deposuerit,
307 1594 413 1658 repetat
423 1586 570 1651 insaniens,
584 1585 698 1643 reddere
710 1595 859 1659 peccatum
874 1592 928 1658 sit;
944 1610 996 1649 non
1003 1594 1052 1647 red

128 1680 200 1741 dere,
215 1680 340 1734 odicium.
354 1681 445 1747 Quid?
458 1681 481 1735 si
499 1682 529 1745 is,
544 1682 592 1752 qui
605 1682 675 1754 apud
689 1690 717 1738 te
734 1685 888 1754 pecuniam
900 1689 1050 1761 deposuerit.

127 1773 227 1827 betium
255 1774 350 1828 inierat
373 1774 479 1845 patriae,
502 1773 637 1831 reddasne
660 1774 837 1846 depositum?
865 1779 939 1848 Non,
968 1783 1050 1843 rredn;

128 1870 210 1922 t'neius
228 1870 301 1923 enim
317 1876 410 1923 contra
426 1867 629 1940 rempublicam,
650 1884 714 1941 quae
726 1868 810 1925 debet
827 1887 898 1930 esse
912 1878 1049 1932 carissima.

126 1964 169 2016 Sir
184 1963 276 2027 inulto,
289 1978 351 2034 quae
359 1962 473 2017 honesta
484 1970 580 2018 nutura
591 1963 719 2018 videntur
727 1980 801 2031 ease,
811 1970 986 2039 temporibus
994 1968 1048 2023 finnt

127 2072 179 2109 non
194 2054 318 2111 honesta.
335 2055 433 2110 Facere
448 2056 591 2127 promissa,
608 2062 682 2111 atara
702 2058 857 2125 conventis,
881 2063 997 2117 reddere
1009 2064 1047 2114 de·

126 2147 227 2217 posita,
246 2156 411 2204 commutata
434 2149 570 2219 utilitato,
593 2147 662 2203 fiunt
685 2164 738 2203 non
759 2148 890 2207 honesta.
917 2157 958 2209 Ac
975 2154 1007 2209 de
1023 2155 1048 2207 iis

125 2406 181 2437 avec
196 2406 221 2436 >a
236 2389 389 2445 belle-mem
407 2391 468 2437 rnuia
486 2391 596 2438 combien
610 2390 640 2438 de
651 2391 740 2437 iarrnaa
755 2391 791 2438 lui
807 2407 837 2439 en
853 2398 984 2445 contadi}
996 2412 1047 2461 pour

125 2481 191 2526 nvoir
200 2480 288 2526 obtenu
296 2479 389 2540 coqn'il
401 2480 466 2526 nvnit
478 2480 603 2528 nonhnite'!
615 2480 1046 2549 Quodivona-nonad'Agarnemnou?

124 2567 144 2614 11
161 2568 225 2613 avait
238 2567 282 2614 suit
298 2567 498 2614 tolennellerneut
513 2583 566 2616 voeu
579 2568 714 2616 d'immoler
733 2571 747 2615 ‘a
766 2568 847 2617 Dione
859 2586 889 2620 ee
901 2576 945 2636 qui
958 2576 1045 2623 nrtrrait

124 2657 153 2703 da
168 2657 222 2719 plus
235 2657 297 2704 beau
314 2666 375 2704 cette
387 2658 517 2709 annno-lh
532 2666 556 2704 et
572 2658 622 2704 rien
640 2658 732 2705 n'e'tant
747 2659 777 2705 nti
793 2658 823 2706 da
839 2660 860 2707 ai
884 2662 949 2711 beau
966 2679 1010 2727 qne
1024 2678 1045 2708 aa

123 2746 174 2793 filie
185 2746 319 2808 Iphigenie.
334 2747 351 2793 il
366 2748 389 2792 ia
403 2746 507 2793 sacrifia.
521 2747 625 2795 Neue-it
640 2763 683 2810 pas
696 2748 779 2794 mieux
791 2750 850 2796 valo
865 2766 986 2816 mnnqner
998 2757 1010 2801 i
1023 2770 1044 2799 ra

123 2850 244 2895 promesae
263 2849 309 2895 que
321 2834 350 2879 de
364 2849 389 2880 aa
404 2834 508 2897 charger
527 2835 599 2882 d'nne
620 2837 699 2883 aetion
716 2836 737 2882 ai
755 2834 884 2887 horrible?
902 2838 924 2887 ΙΙ
936 2857 954 2903 y
967 2856 982 2887 a
992 2840 1044 2887 done

124 2923 164 2969 dea
177 2939 218 2970 eas
233 2925 264 2970 ou
279 2924 328 2970 i'on
344 2939 373 2970 ne
386 2924 436 2970 doit
448 2939 491 2986 pas
501 2924 561 2972 faire
577 2941 604 2972 ee
621 2927 694 2987 qn'on
707 2942 722 2973 n
734 2926 841 2988 proauita
856 2928 875 2973 il
890 2943 908 2989 y
921 2944 950 2975 en
963 2930 1042 2976 annui

122 3015 153 3058 ou
168 3013 217 3060 l'on
232 3029 262 3059 ne
274 3012 324 3058 doit
338 3029 380 3073 pua
394 3014 480 3059 rendre
494 3030 520 3059 ee
536 3015 608 3075 qn'on
621 3031 636 3061 a
650 3029 705 3079 repa
717 3030 746 3061 an
757 3014 839 3076 deprit.
853 3016 880 3062 si
897 3034 931 3064 un
947 3018 1042 3071 lromma,

122 3117 165 3163 par
179 3102 296 3164 exemplo,
313 3117 371 3147 vona
389 3117 404 3148 a
423 3102 501 3149 donne
520 3118 561 3149 aon
573 3105 628 3165 epee
641 3118 670 3150 en
682 3102 753 3165 nepot
765 3102 827 3149 duas
843 3119 877 3151 un
897 3114 976 3169 temps
987 3108 1016 3153 oin
1027 3103 1042 3151 il

122 3193 187 3236 nvait
199 3198 251 3237 tout
262 3206 304 3235 aon
318 3191 364 3236 bon
378 3205 441 3241 aena„
453 3199 476 3236 et
488 3192 547 3251 qrr'il
560 3191 645 3237 vienne
659 3207 718 3238 voua
728 3191 752 3238 la
763 3192 883 3240 reclamet
895 3194 997 3243 drunaun
1007 3208 1042 3241 uu·

121 3285 160 3328 cea
169 3281 197 3327 de
210 3281 321 3331 frenevie.
331 3283 355 3327 ia
367 3281 400 3328 lui
411 3281 596 3329 rendrez-vona?
607 3292 674 3329 rotro
685 3282 767 3329 devoir
777 3282 871 3330 neat-il
882 3299 929 3346 pan
936 3285 1042 3349 plutonia

121 3372 177 3418 n’en
190 3373 241 3418 rien
254 3371 332 3418 faire?
345 3372 369 3417 si
385 3388 416 3417 un
432 3371 529 3419 homme
546 3373 586 3434 qui
608 3388 667 3419 voua
683 3372 788 3419 aconfie‘
799 3387 833 3419 un
847 3372 923 3435 dr'epdt
942 3376 1042 3439 d'argeut

122 3461 186 3506 vient
204 3461 218 3505 e
234 3461 293 3507 inire
307 3460 331 3506 la
350 3475 439 3522 guerra
458 3463 472 3505 it
490 3445 575 3516 l'isltnt,
592 3459 628 3506 lui
645 3460 820 3508 rendra-vous
841 3476 870 3508 ee
887 3462 983 3526 depor?
995 3463 1041 3511 Xon

121 3564 177 3594 sarna
190 3548 270 3597 doute,
285 3548 385 3608 puiaque
396 3548 502 3594 l'interdt
514 3547 542 3594 de
555 3532 631 3596 l'i'ltat
643 3563 702 3595 vous
714 3549 736 3595 le
748 3548 843 3605 defend,
858 3560 882 3597 et
894 3567 945 3613 que
957 3554 1006 3601 rien
1018 3565 1041 3597 na

120 3637 172 3684 doit
184 3653 243 3683 vous
260 3641 308 3684 tetre
327 3637 392 3683 aursi
407 3636 464 3683 cher
479 3652 525 3698 qne
540 3646 578 3683 eet
594 3636 688 3685 inte'ret.
706 3638 770 3686 C’eat
787 3638 851 3685 ainai
868 3654 917 3700 que
935 3643 991 3689 bien
1007 3639 1042 3686 dev

121 3726 213 3779 chorea.
225 3725 265 3786 qui
278 3725 411 3787 paruissent
422 3724 537 3770 honuetes
549 3740 592 3786 par
601 3726 772 3782 elles-memes,
785 3725 912 3789 ehangent
924 3729 955 3776 de
965 3743 1040 3776 curun·

121 3820 169 3862 tere
179 3831 235 3861 avec
245 3817 279 3865 leo
290 3817 477 3861 rircnnnrnnees.
489 3813 563 3860 'l'enir
575 3829 621 3860 une
634 3830 762 3878 promeae,
776 3815 890 3864 observor
901 3833 952 3867 une
961 3817 1038 3865 condi·

120 3906 180 3960 tion,
191 3904 277 3952 rendra
289 3920 319 3951 un
333 3903 412 3966 de'pdt,
424 3911 478 3949 aont
488 3912 575 3949 uertant
587 3903 615 3950 da
629 3902 712 3951 chorea
724 3905 784 3965 qu'il
796 3904 859 3952 n'eat
872 3906 928 3969 plna
944 3907 1039 3955 honneur

120 3992 149 4037 de
165 3990 233 4045 titire,
251 3992 345 4053 loroque
363 3991 461 4038 l'utilite
476 4006 505 4038 en
520 4004 555 4039 eat
571 3992 687 4055 cirauge'e.
701 3993 763 4041 Maia
774 3993 824 4056 j⁸au
837 3995 862 4040 ai
877 4011 945 4043 aare:
958 3998 1004 4053 dit,
1019 3992 1037 4051 jo
