2474 4694
98 714 156 771 222
399 711 436 756 ott
455 709 576 757 orrtctts
596 710 681 755 ttestt
701 706 723 756 l.

103 824 191 898 ipsum
211 834 301 883 tenere
320 827 355 882 de
375 843 429 899 quo
451 833 514 883 ente
537 825 664 893 diximus,
686 839 738 881 nee
762 822 886 895 progredi
905 820 1021 894 longius.

103 922 201 977 llorum
214 928 304 979 tamen
314 925 393 979 trium
404 922 656 996 prestantissimum
666 927 716 987 est,
728 920 877 993 appetitum
885 918 1023 991 obtempe-

102 1021 282 1077 serenationi.

136 1116 194 1173 XL.
210 1118 343 1193 Deinceps
357 1117 390 1174 de
407 1118 500 1175 ordine
516 1132 605 1173 rorum
618 1123 646 1173 et
656 1123 808 1188 temporum
822 1112 1024 1187 opportunitate

103 1211 247 1269 dicendum
261 1220 311 1271 est.
330 1215 384 1271 Hae
396 1222 485 1271 autem
501 1214 614 1270 seientia
625 1213 779 1270 continetur
792 1227 824 1266 ea
837 1226 918 1281 quam
933 1209 1023 1266 Graeci

103 1310 208 1375 ιῦταξίαν
219 1313 368 1381 nominant,
387 1330 442 1369 non
455 1315 516 1371 lnaee
531 1329 611 1386 quam
625 1313 836 1384 interpretamur
851 1308 1022 1370 modestiam.

104 1422 157 1477 quo
169 1407 196 1461 in
209 1406 290 1461 verbo
303 1406 400 1462 modus
413 1407 497 1475 inest;
518 1405 566 1463 sed
584 1406 630 1461 illa
645 1411 687 1461 est
707 1403 801 1466 εὐταξία
813 1403 842 1458 in
857 1418 911 1475 que
924 1399 1024 1456 intelli-

103 1500 174 1571 gitur
185 1500 286 1556 ordinis
299 1501 482 1557 conservatio.
496 1503 600 1573 ltaque,
617 1508 648 1557 ut
661 1500 784 1557 eamdem
800 1515 849 1554 nos
864 1496 1023 1552 modestiam

103 1597 284 1670 appellemus,
303 1600 343 1654 sic
360 1597 487 1654 definitur
502 1614 517 1652 a
530 1598 637 1667 stoicis,
659 1605 689 1652 ut
708 1595 841 1652 modestia
859 1596 895 1652 sit
911 1594 1024 1651 scientie

103 1712 194 1753 earum
210 1714 298 1754 rerum
313 1714 375 1770 quae
389 1705 505 1769 agentur
516 1705 563 1751 aut
579 1697 704 1754 dicentur
717 1696 776 1752 loco
790 1711 839 1750 sno
850 1692 1023 1749 collocanda·

104 1810 173 1849 rum.
189 1796 282 1866 ltaque
298 1795 404 1850 videtur
423 1794 520 1850 eedem
534 1795 575 1849 vis
591 1794 693 1851 ordinis
708 1799 737 1849 et
753 1791 937 1849 collocationis
951 1790 1022 1858 lore;

104 1908 165 1947 nam
178 1900 206 1947 et
218 1893 342 1948 ordinem
355 1892 395 1946 sic
407 1891 551 1963 definiunt¹
567 1892 790 1963 compositionem
805 1908 893 1946 rerum
909 1890 978 1960 aptis
999 1895 1025 1943 et

104 1988 311 2044 accommodatis
334 1988 408 2044 loeis.
431 1989 527 2045 Locum
544 1996 634 2045 autern
656 1989 780 2057 actionis,
794 1988 1024 2061 opportunitatem

105 2084 232 2155 temporis
251 2101 310 2141 esse
329 2084 432 2141 dicunt.
456 2086 572 2157 tompus
598 2093 688 2141 eutem
707 2085 823 2141 actionis
844 2090 1024 2155 opportunum

104 2183 199 2240 Graece
213 2183 332 2257 εὐκαιρία,
348 2185 441 2240 Latine
458 2183 609 2257 appellatur
619 2185 732 2240 occasio.
750 2183 794 2240 Sic
808 2183 837 2236 lit
851 2188 882 2238 ut
894 2180 1023 2237 modestia

104 2275 173 2347 lraec‚
186 2295 266 2350 qnam
286 2280 324 2336 ite
345 2280 555 2353 interpretamur
567 2289 596 2335 ut
608 2281 672 2350 disi,
689 2279 802 2336 scientia
816 2279 853 2333 sit
865 2276 1024 2350 opportuni-

104 2550 165 2592 eette
175 2544 315 2592 biensdanec
327 2542 385 2592 dont
398 2560 460 2593 nous
471 2562 546 2594 avons
560 2546 616 2608 ddja
627 2546 703 2609 parld,
716 2551 740 2592 et
759 2542 787 2591 de
806 2544 842 2607 s'y
856 2543 918 2589 terrir
928 2549 1023 2588 exacte-

105 2638 179 2679 ment.
189 2632 252 2680 Mais
264 2630 292 2681 de
305 2647 343 2680 ees
355 2634 414 2681 trois
425 2635 511 2696 regies,
525 2635 549 2682 la
559 2636 613 2698 plus
624 2635 771 2698 importante
789 2641 824 2680 est
837 2632 897 2679 celle
908 2631 950 2694 qni
964 2646 1024 2678 nous

105 2719 206 2779 proserit
217 2718 245 2766 de
253 2720 419 2768 snbordonner
430 2737 474 2768 nos
486 2721 561 2769 desire
573 2725 587 2769 ίι
599 2722 726 2770 la-ruieon.

137 2803 190 2854 XL.
204 2806 225 2854 ll
240 2823 301 2854 none
311 2818 372 2857 rests
385 2811 401 2856 a
413 2811 492 2872 parler
506 2809 535 2858 de
547 2809 634 2857 l'ordre
650 2810 691 2857 des
701 2809 785 2857 elroses
801 2814 824 2856 et
838 2806 866 2854 de
880 2807 933 2854 leur
944 2806 1022 2867 lepro-

105 2909 154 2957 pos.
165 2895 232 2944 Cotta
241 2907 304 2943 sorte
319 2896 348 2943 dc
364 2898 456 2945 seleuce
467 2897 570 2946 consiste
583 2897 644 2944 dune
654 2912 681 2944 ee
691 2911 736 2960 que
755 2896 790 2943 les
810 2895 885 2944 Grues
901 2901 1026 2940 nommant

105 2980 211 3040 elsatia,
222 2997 249 3030 ee
268 2984 309 3046 qui
326 2998 355 3030 ne
371 2984 467 3046 signifie
482 2986 551 3047 point
562 2984 722 3040 moderatim,
742 2981 893 3031 e'est-it-dire
915 2980 982 3043 regie
1002 2987 1026 3025 et

105 3085 219 3129 mesure3
243 3071 339 3129 εὐταξία
359 3080 415 3119 vent
431 3072 482 3120 dire
505 3081 659 3136 proprement
678 3072 847 3120 conservation
875 3070 904 3118 de
927 3070 1023 3119 l’ordre.

104 3158 287 3222 Nouspouvons
298 3159 411 3208 toutelols
425 3177 535 3208 nommer
550 3169 611 3210 cette
625 3168 695 3208 rorte
706 3160 866 3213 moderatiore,
881 3158 981 3220 puisqne
991 3158 1025 3203 ies

105 3246 218 3293 stolciens
230 3245 255 3291 la
268 3244 406 3293 definissent
417 3247 473 3295 l'art
489 3247 517 3294 de
531 3264 560 3294 ne
574 3249 626 3295 rien
641 3248 700 3295 inire
719 3254 742 3294 et
757 3246 787 3296 de
803 3261 833 3292 ne
853 3245 904 3292 rien
922 3244 972 3291 dire
984 3245 1024 3306 qui

105 3349 136 3381 ne
147 3335 195 3381 soit
204 3335 219 3380 d
229 3348 256 3380 aa
266 3333 341 3396 plnee.
354 3333 454 3382 L'ordre
465 3344 488 3382 et
498 3336 687 3399 l'nrrnngement
696 3336 832 3398 paraissent
844 3334 905 3381 donc
917 3336 966 3380 dtre
979 3348 1027 3378 une

106 3424 182 3469 nieme
192 3421 273 3469 chose.
281 3422 355 3469 Ausul
368 3422 433 3471 selon
448 3425 484 3472 les
496 3426 585 3472 memes
598 3422 752 3486 philosophas
764 3421 853 3469 l'ordre
865 3436 895 3467 ne
907 3420 1026 3467 consiste-

107 3508 144 3554 t-il
158 3522 203 3569 que
220 3506 281 3555 dans
300 3514 338 3555 cet
355 3520 526 3573 arrangement
546 3511 588 3574 qni
611 3517 660 3558 met
675 3510 768 3573 chaque
791 3509 864 3556 chose
879 3511 894 3555 is
912 3524 939 3554 ea
950 3509 1025 3571 ploce.

105 3594 188 3654 Qunnt
199 3608 231 3641 au
241 3594 290 3643 lieu
303 3603 327 3643 et
339 3611 371 3643 au
383 3606 490 3645 moment
502 3598 574 3646 d'une
586 3599 674 3656 aetion,
688 3598 719 3646 ils
735 3597 758 3645 le
768 3605 892 3646 nommcnt
903 3600 1025 3660 epropm.

105 3682 172 3729 Cotto
191 3684 345 3746 opportunitd
366 3685 438 3734 d’uee
456 3688 545 3746 aetion,
566 3687 601 3734 les
620 3687 694 3735 Graes
709 3686 848 3748 l¹appellent
871 3687 987 3753 εὐκαιρία,
1005 3693 1028 3731 et

107 3784 176 3828 nous,
188 3785 249 3820 nous
261 3772 392 3836 l’appelous
406 3776 527 3824 occasion.
547 3777 615 3824 Ainsi
628 3782 689 3824 eette
710 3775 871 3830 moderatim,
886 3776 949 3837 prise
967 3774 1027 3820 duris

107 3858 129 3906 le
141 3872 196 3908 sons
205 3874 251 3924 qno
267 3874 328 3910 notas
339 3876 429 3912 venons
443 3863 607 3929 d’expliqner,
624 3878 678 3916 sera
687 3863 709 3912 le
719 3862 894 3913 discernement
907 3861 938 3910 du
952 3870 1027 3928 tempi
