2474 4694
417 867 470 911 nus
490 864 627 921 peroras,
651 865 735 910 srvur
757 865 798 909 ιιι.
1012 853 1071 912 469

149 978 305 1027 adminiculis
316 982 416 1040 nullius.

148 1044 200 1098 sed.
218 1055 244 1093 ut
256 1047 353 1110 dieitur,

149 1119 232 1159 nostro
246 1113 332 1161 Marte.

148 1178 232 1238 Neque
245 1181 310 1227 enim
322 1181 452 1243 quidquam

147 1246 295 1306 explicatum
303 1257 339 1294 est
350 1248 378 1295 de
385 1247 431 1296 hee
439 1255 505 1312 parte

147 1319 202 1372 post
217 1312 363 1373 Penatium,

147 1377 212 1438 quod
227 1379 323 1440 quidem

147 1444 290 1505 probaretur
300 1444 370 1502 milri,

147 1508 177 1556 de
187 1510 217 1556 iis
229 1525 283 1572 quta
295 1520 413 1560 venerunt

147 1590 174 1622 ιιι
186 1587 281 1624 nostrae
293 1593 389 1625 manus.

180 1642 250 1691 VIII.
268 1643 349 1704 Quum
363 1645 438 1703 initur

146 1708 228 1771 eliqua
240 1712 329 1772 speeies
341 1712 454 1758 utilitatis

147 1775 242 1837 obJecta
253 1786 296 1831 est.

147 1851 184 1888 eet
195 1857 290 1890 neeesse
300 1843 455 1891 commoveri.

147 1906 193 1954 Sed
207 1910 236 1965 si,

147 1988 221 2033 quum
238 1977 369 2024 attenderis
382 1976 500 2031 animum.

147 2041 229 2087 videas
240 2043 416 2105 turpitudinem

146 2105 287 2167 udjnnotsm
300 2109 320 2156 ei
331 2112 364 2157 rei

146 2186 201 2233 quea
215 2175 324 2223 attulerit

146 2240 249 2300 speeiem
265 2241 387 2298 utilitatis,

147 2314 200 2351 tum
214 2321 262 2352 non
276 2308 370 2355 utilitas

145 2371 290 2432 requirenda
298 2383 342 2433 eet,

145 2437 188 2484 sed
207 2439 401 2502 intelligendam,

145 2504 188 2550 nbi
206 2505 330 2566 turpitudo
344 2509 383 2564 sit,

145 2571 277 2617 utilitatem

145 2651 195 2682 nou
209 2651 277 2698 posse
289 2653 339 2685 essa
353 2640 394 2686 ibi.

145 2700 218 2760 Quod
231 2704 250 2750 si
265 2703 327 2751 nihil

145 2777 183 2814 est
194 2776 243 2815 tem
257 2777 342 2816 eontra
357 2781 468 2818 naturam

146 2849 219 2896 quam
230 2837 355 2898 turpitudo

146 2906 245 2960 (nature
259 2903 322 2949 enim

146 2966 267 3014 desideret
281 2977 346 3014 reeta

145 3040 171 3080 et
181 3035 348 3080 convenientia

147 3106 171 3146 et
181 3100 326 3153 constantia.

146 3175 335 3228 aspernaturque
347 3166 489 3227 contraria),

146 3232 258 3294 nihilque

146 3306 183 3344 est
190 3306 239 3344 tam
250 3297 381 3345 seeundum
391 3309 501 3345 naturam

128 3416 131 3427 .
147 3380 221 3425 qnam
235 3365 337 3421 utilitas,

129 3434 133 3493 ξ
147 3438 212 3477 verte
222 3431 316 3477 utilitas
327 3440 351 3477 et
363 3431 487 3492 torpitudo

147 3512 197 3545 non
210 3504 349 3558 potestesse

147 3565 173 3611 in
184 3563 268 3610 eadem
284 3577 318 3610 re.

147 3629 265 3691 Itemque.
279 3628 361 3676 sinoti
376 3644 460 3676 sumus

148 3695 180 3743 sd
190 3694 349 3751 honestatem,

148 3776 224 3823 esque

148 3836 193 3875 aut
203 3826 335 3889 expetenda
347 3833 383 3874 est
394 3827 453 3881 sola.

148 3903 178 3942 nt
190 3895 268 3941 visum
279 3901 315 3940 eet
326 3893 427 3949 Zenoni,

149 3967 194 4007 ant
206 3967 269 4007 certe
280 3958 390 4006 habenda

150 4027 248 4088 gravior
258 4026 324 4075 omni
334 4024 442 4081 pondere

529 998 586 1031 eveo
598 983 633 1031 les
644 997 742 1030 seoours
756 981 921 1046 depenowe,
992 1022 996 1029 .

529 1050 601 1105 mais,
613 1065 706 1097 comme
718 1064 748 1096 ou
761 1048 805 1104 dit.

529 1131 586 1163 aree
593 1125 662 1162 notre
669 1115 734 1163 Mers
746 1116 800 1177 (nos
810 1131 908 1179 propres
915 1117 1068 1179 reesoaruss).

530 1181 560 1230 Et
571 1198 600 1229 eu
611 1181 666 1229 ellat
678 1182 729 1229 rien

529 1249 569 1296 n'a
582 1249 620 1296 6ιό
631 1247 759 1311 de'veloppd
769 1263 812 1296 sur
824 1255 885 1297 eette
893 1249 971 1312 psrtie

528 1316 597 1377 apres
608 1314 732 1375 Pantitius,

528 1375 630 1443 rirn'qui
641 1379 674 1427 dn
687 1382 767 1428 moins

529 1446 567 1494 fur
578 1449 699 1510 approuve
713 1446 741 1493 de
752 1447 811 1505 moi,

511 1523 515 1527 ·
530 1511 622 1561 d'eutre
634 1528 673 1560 ees
687 1528 791 1573 οιιιιιριι
804 1514 913 1576 quisunt
926 1527 1001 1562 venus

529 1578 589 1626 dnus
601 1595 645 1627 nos
657 1579 744 1627 mains.

561 1645 630 1694 VIII.
649 1645 755 1707 lorsque
769 1645 831 1693 done

528 1712 630 1774 quelque
642 1726 775 1774 apparenee
785 1711 889 1759 d'utilrte

528 1779 585 1826 s'est
597 1780 727 1841 presentie,

528 1844 547 1891 il
558 1853 595 1892 ost
607 1844 739 1893 neeessaire
753 1843 805 1892 d'sa
816 1847 866 1893 etre
877 1844 968 1909 srappe.

527 1910 589 1958 Mais
601 1911 630 1968 si,
663 1971 665 1976 .

528 1977 624 2039 lorsque
635 1982 661 2023 tn
674 1992 746 2025 suras
755 1977 865 2041 nppliqni
875 1987 913 2027 ton
925 1981 1009 2043 esprit‚

528 2051 554 2090 tu
568 2044 620 2091 vois
634 2042 658 2089 la
670 2041 743 2090 lronte

526 2109 603 2170 jointe
613 2111 628 2156 a
638 2117 699 2156 cette
708 2109 780 2158 ehose

528 2176 568 2237 qui
583 2190 643 2222 arira
654 2177 753 2237 apperte
766 2178 893 2238 (prisorrtd)

528 2256 574 2288 nne
586 2256 718 2304 apperenoe
734 2241 847 2300 d'utilite',

527 2308 592 2355 alors
607 2322 654 2354 uon
670 2321 712 2368 pes
726 2306 824 2356 l'utilito'

528 2373 579 2420 doit
590 2377 640 2420 utre
656 2371 804 2423 rechercher.

498 2476 500 2480 .
526 2441 588 2486 maie
600 2441 618 2486 il
631 2439 684 2485 iant
695 2439 859 2503 comprendre,

526 2507 558 2552 ori
572 2505 597 2552 le
609 2505 682 2553 leonte
695 2512 739 2562 est,

527 2571 625 2618 l'utilitd

527 2653 557 2683 ne
570 2639 669 2699 pontoir
679 2653 721 2700 pas
734 2640 783 2685 utre
794 2638 826 2685 lle.

527 2705 608 2763 Queri
621 2705 672 2751 rien

527 2771 589 2816 n'est
601 2778 686 2817 aurant
696 2779 779 2816 eoutre
791 2769 814 2816 ln
826 2777 912 2818 natare

529 2850 574 2896 que
584 2835 608 2882 la
620 2836 693 2883 honte

529 2903 563 2962 (la
576 2909 661 2950 nature
669 2917 699 2949 ea
711 2899 767 2949 ell'et

528 2967 605 3015 desire
618 2967 653 3016 les
662 2968 747 3015 choses
758 2967 847 3014 droitee

528 3044 551 3080 et
568 3035 609 3096 qui
626 3043 834 3081 out-eonvenunoe

528 3101 608 3162 etqui
633 3108 826 3160 ont-consumes,

528 3173 552 3214 et
566 3181 679 3228 reponere
692 3165 985 3228 inchoamentum),

528 3239 552 3278 et
560 3237 581 3279 ιι·
590 3234 642 3279 rien

529 3299 590 3345 n’est
605 3304 691 3345 nutant
701 3297 727 3345 ln
736 3306 822 3345 nature

528 3379 574 3425 que
588 3365 694 3419 l'utilite.

529 3431 678 3478 assurdmont
690 3429 787 3477 l’utilitti
797 3437 821 3478 et
832 3429 858 3477 la
871 3429 944 3477 lroute

528 3512 559 3544 ne
570 3505 672 3559 panvent
685 3511 726 3558 pas
736 3499 786 3543 etro

528 3562 589 3610 dans
600 3565 625 3611 le
636 3565 713 3610 meme
725 3561 805 3609 chose.

528 3629 560 3676 Et
570 3629 598 3678 de
614 3633 699 3681 meme.
716 3629 735 3674 si
749 3644 809 3676 nous
822 3643 926 3676 summes
937 3630 978 3676 nis

529 3710 589 3757 pour
603 3695 757 3751 l'honnttete,

529 3771 553 3807 et
564 3766 585 3807 ιι·
598 3761 691 3808 oelleoi

529 3842 561 3874 ou
573 3827 625 3874 doit
634 3831 684 3874 erre
695 3824 834 3873 reelrerehde
850 3826 922 3883 seule,

530 3908 622 3940 eamme
633 3894 651 3940 il
662 3909 677 3940 a
686 3908 745 3955 paru
756 3895 771 3939 'a
781 3892 873 3949 Zenon,

531 3974 562 4005 ou
574 3959 606 4006 du
619 3961 698 4007 moine
708 3958 759 4006 doit
770 3961 819 4006 &tre
831 3967 901 4006 tenue

530 4041 588 4085 pour
601 4026 655 4087 plue
667 4034 764 4088 posunte
777 4024 806 4071 de
818 4032 870 4072 tout
881 4023 950 4088 poids
