2474 4694
174 685 237 747 une·
474 690 510 736 nn
531 664 647 737 oremus
669 690 753 737 unm
775 693 795 738 r.

173 807 259 861 riores
273 804 448 875 militaribus;
464 805 491 860 in
512 805 613 878 quibus
629 806 689 879 plus
705 807 785 863 etiem
804 822 886 878 quem
904 807 930 862 in
946 807 988 863 his
1003 824 1101 880 operae·

173 902 309 974 studiique
322 903 476 975 ponendum
490 911 542 960 est.

208 1004 308 1060 XXIII.
322 1004 438 1062 Omnino
452 1005 524 1061 enim
538 1005 605 1062 ittud
627 1006 778 1074 honestum,
795 1008 868 1078 quod
894 1024 926 1063 ex
950 1009 1040 1063 animo
1054 1025 1098 1063 eu·

173 1103 246 1159 celso
260 1105 457 1176 magnificoque
470 1105 627 1177 quaerImus,
644 1105 726 1161 animi
748 1103 875 1170 efficitur,
896 1120 948 1160 non
976 1106 1096 1176 eorporis

173 1199 284 1254 viribus.
300 1200 487 1256 Exercendum
504 1209 594 1258 tamen
608 1217 706 1273 corpus
720 1208 746 1257 et
760 1201 798 1256 ite
810 1199 985 1255 efficiendum
1001 1209 1052 1268 est,
1070 1208 1097 1254 ut

172 1298 281 1354 obedire
289 1298 400 1355 consilio
410 1298 563 1372 rationique
576 1302 662 1372 possit
673 1300 701 1355 in
716 1298 895 1370 exsequendis
905 1299 1056 1371 negotiisot
1069 1300 1095 1352 in

172 1391 263 1449 labore
274 1394 425 1451 tolerando.
440 1395 687 1452 Honestumeutem
701 1395 728 1452 id
744 1394 815 1467 quod
835 1395 1001 1466 exquirimus
1011 1402 1094 1450 totum

172 1495 214 1543 est
225 1489 342 1561 positum
353 1490 379 1544 in
393 1490 475 1545 animi
489 1506 552 1545 cura
568 1500 595 1546 et
606 1490 770 1563 cogitatione
781 1508 787 1558 ;
798 1490 825 1545 in
836 1505 889 1561 quo
900 1505 954 1545 non
964 1490 1095 1544 minorem

172 1585 317 1642 utilitatem
332 1586 449 1643 afferunt
470 1588 515 1658 qui
531 1588 614 1659 togati
636 1588 793 1661 reipubtioae
812 1596 936 1660 praesunt
952 1605 1033 1660 quem
1050 1588 1096 1660 qui

171 1680 272 1739 bellum
283 1689 388 1756 gerunt.
403 1686 497 1755 ltaque
511 1700 604 1740 eorum
617 1686 730 1741 oonsilio
745 1701 821 1758 saepo
834 1693 881 1741 aut
899 1701 951 1740 non
971 1693 1096 1756 suscepte

172 1786 219 1835 aut
230 1781 353 1837 confecta
369 1782 438 1838 bello
455 1789 528 1847 sunt,
544 1797 741 1853 nonnunquam
755 1783 837 1838 otiam
849 1782 925 1838 illota
940 1800 946 1836 :
959 1793 989 1836 ut
1000 1783 1035 1837 tu.
1051 1785 1097 1837 Ce-

173 1877 243 1932 tonis
261 1877 362 1933 bellum
378 1879 487 1934 tertium
510 1880 657 1945 Punicum,
677 1879 704 1933 in
724 1894 778 1950 quo
792 1879 873 1934 etiem
893 1878 992 1933 mortui
1012 1880 1098 1934 vetuit

172 1974 344 2030 auctorites¹.
366 1975 456 2042 Quare
475 1974 624 2047 expetenda
640 1975 747 2046 quidem
772 1975 857 2047 magis
879 1982 921 2030 est
933 1973 1095 2029 decernendi

172 2069 240 2124 ratio
251 2069 494 2141 quemdeoertundi
507 2069 653 2139 fortitudo;
666 2070 715 2126 sed
728 2071 880 2127 cavendum
894 2084 927 2124 ne
936 2067 964 2123 id
976 2066 1094 2122 bellandi

171 2167 258 2239 magis
270 2167 333 2240 fuge
344 2183 427 2239 quem
437 2166 561 2222 utilitatis
568 2168 674 2223 ratione
687 2166 828 2224 iaciemus.
840 2165 942 2222 Bellum
955 2170 1046 2220 autem
1058 2166 1094 2220 ita

171 2433 215 2482 peu
224 2416 254 2466 de
267 2416 379 2466 moindre
392 2419 448 2482 prin
462 2434 508 2483 que
520 2419 545 2467 le
560 2419 645 2469 unlenr
660 2419 784 2475 militeire.
804 2425 827 2465 et
841 2416 884 2479 qui
905 2416 1009 2464 reclamo
1020 2419 1095 2464 memo

172 2508 228 2569 plue
239 2506 269 2555 de
280 2506 367 2555 trereII
379 2514 403 2554 et
415 2507 598 2570 d'eppliootion.

204 2594 297 2643 XXIII.
315 2593 396 2653 Eudo,
417 2605 479 2644 cette
493 2595 623 2645 honnetete
637 2609 684 2658 que
700 2608 762 2641 nous
781 2590 931 2640 demundonr
947 2593 962 2637 e
978 2605 1024 2638 une
1042 2592 1096 2637 time

171 2682 265 2740 grande
287 2691 311 2731 et
321 2684 400 2732 eleves
412 2683 503 2747 depend
515 2684 544 2730 de
556 2683 581 2730 le
591 2684 656 2731 force
664 2682 694 2729 de
704 2680 804 2743 I'euprit,
814 2687 890 2727 utnon
903 2694 945 2742 pes
955 2678 1049 2726 deeelle
1062 2677 1094 2724 du

172 2786 250 2835 eorps.
258 2771 279 2820 Il
290 2770 483 2834 Inutoependant
499 2787 595 2820 exeroer
607 2772 630 2818 le
646 2785 716 2833 corps
730 2777 753 2817 et
768 2768 793 2818 le
807 2777 893 2816 mettre
902 2783 931 2816 en
943 2768 993 2814 etet
1004 2766 1095 2813 d’obe'ir

172 2859 296 2923 isl'esprit,
305 2860 417 2923 lorsqu'il
426 2858 676 2922 n’ugitd’scheverdes
688 2859 831 2921 entreprisee
843 2873 874 2906 on
883 2857 911 2904 de
920 2862 1046 2919 supportet
1055 2854 1094 2901 des

172 2954 282 2995 trareux.
294 2947 365 3010 Meis,
378 2950 447 3010 uepres
457 2956 517 3008 tout,
529 2948 675 2997 I'honudtetd
688 2962 734 3009 que
749 2962 811 2995 nous
826 2945 959 2994 cheroneus
974 2944 1006 2991 ici
1019 2943 1094 2991 reside

171 3045 225 3085 tout
235 3038 325 3086 endere
338 3037 399 3085 dens
407 3038 522 3087 l'aotiuitd
534 3037 561 3086 do
575 3038 668 3100 l'esprit
679 3045 703 3085 et
711 3036 804 3085 densle
818 3039 911 3100 pennen,
920 3045 943 3083 et
951 3037 1009 3083 e'est
1020 3050 1061 3096 pur
1071 3035 1094 3081 ln

172 3125 261 3187 quoles
268 3125 407 3189 magistrats
418 3127 460 3188 qui
471 3134 619 3193 gensernent
630 3127 655 3173 Ie
663 3127 804 3189 rdpubliqne
814 3141 844 3173 ne
854 3127 888 3173 lui
900 3133 956 3172 sont
965 3139 1007 3185 peu
1016 3124 1095 3170 moins

172 3213 245 3260 utiles
256 3227 300 3274 que
308 3213 344 3260 les
354 3215 477 3276 ge'uereux
489 3211 531 3275 qui
538 3212 708 3261 commendent
717 3229 754 3262 ees
763 3215 862 3261 eumden.
874 3213 945 3263 desei
953 3220 1029 3259 est-eo
1038 3226 1093 3258 sou·

172 3306 279 3361 uentper
287 3299 352 3347 leurs
363 3299 467 3346 ooneeilu
476 3312 522 3360 que
532 3298 566 3346 les
575 3313 674 3362 gnomen
681 3307 724 3347 ont
735 3300 771 3346 e'te
780 3315 811 3346 ou
820 3299 908 3346 evitdes
915 3313 945 3345 ou
956 3298 1091 3352 terminIee,

171 3385 320 3449 quelquesois
334 3389 411 3433 meme
431 3385 550 3433 ddelordes
566 3401 572 3433 ι
586 3387 649 3434 ainsi
660 3387 685 3434 le
696 3387 815 3435 troisieme
832 3401 919 3449 guerre
939 3386 1043 3446 punique
1056 3384 1093 3430 sut

171 3475 302 3539 entreprise
314 3490 356 3522 sur
374 3475 397 3522 le
413 3475 504 3523 conseil
526 3474 555 3522 de
574 3476 659 3536 Coton,
683 3475 742 3522 dont
755 3475 877 3523 I'uutorite'
895 3473 1005 3537 prerelut
1016 3475 1093 3520 menie

171 3567 240 3630 apres
253 3581 280 3614 se
289 3573 361 3614 mort.
375 3565 411 3613 Lu
424 3565 531 3629 oepeeitd
548 3565 681 3613 ndoessuire
696 3579 757 3627 pour
770 3563 874 3628 prendre
886 3564 928 3612 dee
946 3563 1092 3612 resolutione

172 3670 203 3704 eu
213 3655 277 3718 sujet
292 3655 365 3705 d'une
375 3670 461 3718 guerre
473 3663 511 3703 ent
533 3654 596 3704 dono
612 3656 668 3719 plus
685 3655 803 3703 desireble
819 3671 905 3704 encore
917 3669 962 3719 que
973 3655 998 3701 le
1010 3653 1091 3699 ruleur

171 3760 213 3792 sur
228 3743 252 3793 Ie
271 3743 359 3809 ehump
378 3744 407 3792 de
427 3744 527 3793 boteille
540 3762 546 3792 ι
561 3745 623 3792 mois
638 3746 657 3793 it
676 3744 728 3792 suut
742 3743 845 3807 prendre
861 3744 937 3807 garde
949 3757 994 3805 qne
1006 3757 1033 3788 co
1045 3743 1091 3788 soit

172 3833 277 3881 I'interet
293 3833 321 3881 de
340 3834 364 3880 In
384 3834 536 3896 re'pnblique.
549 3843 573 3882 et
590 3849 639 3883 non
655 3848 697 3897 pes
715 3833 741 3882 lu
751 3833 844 3881 ereinte
857 3832 885 3880 de
900 3833 925 3880 le
938 3847 1035 3896 guerre,
1049 3829 1089 3891 qui
