2474 4694
170 766 224 821 196
269 783 273 790 ·
463 761 501 807 ba
521 759 639 807 Ol'l‘lClls
659 758 741 806 Lim
763 760 782 804 l.

160 894 243 954 quum
257 878 329 934 omni
341 878 416 934 atati
427 875 522 948 turpis,
537 882 594 929 tom
602 873 735 929 senectuti
748 873 897 930 foedissima
907 880 959 929 est.
975 873 1023 930 Sin
1035 889 1086 929 au-

161 987 215 1030 tem
227 970 371 1027 libidinum
387 970 468 1025 etiam
482 966 691 1039 intemperantia
705 966 857 1034 accesserit,
871 965 971 1039 duplex
984 967 1088 1022 malum

161 1061 298 1137 est,'quod
315 1072 342 1120 et
359 1064 418 1135 ipsa
435 1069 560 1119 senectus
579 1059 698 1130 concipit
715 1057 843 1127 dedecus,
859 1066 887 1114 et
901 1057 965 1114 lacit
978 1059 1088 1116 adoles·

162 1156 280 1215 oentium
293 1155 521 1228 impudentiorem
537 1151 783 1226 intemperantiam.

167 1310 170 1315 ,
194 1251 235 1306 Ao
248 1264 283 1305 ne
297 1246 362 1302 iliud
379 1246 489 1319 quidem
503 1245 619 1302 alienum
635 1251 688 1313 est,
699 1245 736 1300 de
750 1244 963 1315 magistratuum,
975 1242 1011 1299 de
1029 1245 1088 1316 pri·

160 1351 293 1411 vatorum,
307 1342 457 1409 decivium,
470 1340 504 1396 de
514 1339 717 1412 peregrinorum
726 1337 822 1393 ollioiis
833 1337 934 1393 dicere.
949 1338 997 1393 Est
1006 1338 1088 1410 igitur

160 1452 297 1509 proprium
310 1451 409 1490 munus
421 1434 604 1505 magistratus,
621 1430 775 1501 intelligere
791 1446 821 1486 se
834 1446 926 1501 gerere
943 1447 1088 1503 personam

159 1532 286 1600 civitatis,
298 1529 452 1601 debereque
459 1531 518 1599 ejus
525 1527 683 1600 dignitatem
695 1534 723 1580 et
732 1524 815 1581 decus
824 1527 969 1595 sustinere,
977 1543 1088 1584 servare

160 1624 241 1695 leges,
266 1626 328 1696 jura
348 1622 512 1690 describere,
530 1635 566 1677 eat
588 1618 650 1676 fidei
668 1633 726 1676 suae
751 1620 896 1675 conimiesa
918 1620 1086 1677 meminisse.

161 1719 297 1774 Privatum
310 1724 399 1772 autem
408 1720 513 1786 oportet
525 1727 605 1783 aequo
618 1720 645 1768 et
659 1712 717 1784 pari
726 1712 901 1769 eumcivibus
910 1715 970 1785 jure
981 1714 1086 1785 vivere,

159 1825 249 1880 neque
268 1809 433 1864 submissum
446 1814 473 1862 et
488 1806 631 1876 abjectum,
646 1822 734 1876 neque
748 1821 778 1861 ee
792 1807 967 1873 efferentem
985 1813 1043 1862 tum
1057 1808 1086 1862 in

158 1900 296 1973 republica
308 1916 340 1955 ea
353 1899 429 1963 celle,
442 1914 504 1971 quae
514 1896 660 1969 tranquilla
670 1904 699 1953 et
708 1897 822 1954 bonestn
832 1900 896 1954 sint.
907 1899 999 1955 Talem
1011 1900 1087 1956 enim

158 2002 185 2051 et
197 1993 299 2049 sentire
314 1993 413 2048 bonum
426 1991 513 2046 uicem
526 1990 649 2046 etdioere
662 1990 789 2046 solemus.
806 1991 942 2060 Peregrini
955 2003 1047 2047 autem
1058 2000 1084 2048 et

159 2085 255 2142 incolae
269 2084 386 2141 osticium
401 2091 446 2140 est
466 2083 531 2139 nihil
554 2091 654 2156 praeter
666 2099 745 2139 suum
761 2085 896 2156 negotium
912 2101 1001 2159 agere,
1018 2087 1084 2142 nibil

159 2177 194 2235 de
206 2178 294 2235 alieno
309 2177 461 2250 anquirere,
479 2177 643 2248 minimeque
658 2178 684 2231 iu
703 2177 790 2233 aliena
806 2193 867 2232 esse
881 2172 1017 2251 republica
1034 2195 1084 2234 eu-

159 2431 234 2480 trien
246 2429 275 2478 de
287 2430 341 2495 plue
352 2428 472 2487 boateux,
485 2430 500 2476 b
511 2429 614 2492 quelque
633 2431 679 2493 ege
700 2443 746 2491 que
766 2429 816 2477 l’on
839 2429 895 2486 soit,
914 2430 974 2477 meis
987 2438 1084 2482 surtonr

159 2527 218 2575 dune
227 2526 253 2574 la
263 2524 397 2582 vieilleesec
411 2522 494 2586 quand
507 2522 533 2570 lu
545 2523 636 2572 lioeace
648 2523 690 2571 dee
699 2537 791 2571 moeure
800 2522 837 2586 s'y
852 2523 926 2584 joint,
938 2524 961 2572 le
973 2526 1085 2576 vieillerd

158 2627 194 2666 cet
205 2616 361 2665 doublement
376 2616 501 2681 coupable,
516 2624 540 2664 et
552 2632 595 2680 pur
608 2615 727 2664 l'infumie
741 2614 801 2663 dont
818 2614 837 2662 it
849 2630 873 2663 ee
894 2631 989 2676 oouvre,
1006 2626 1031 2667 et
1041 2635 1084 2683 pur

158 2708 182 2756 le
191 2708 240 2756 mel
254 2708 314 2770 qu'il
335 2707 379 2755 leit
394 2722 443 2754 aux
452 2708 537 2769 jcunea
549 2723 617 2770 gene,
639 2706 699 2755 dont
719 2707 859 2755 l'insolenoe
870 2706 965 2756 devient
976 2709 1031 2773 plue
1044 2711 1083 2760 in·

158 2803 306 2863 temperante
318 2815 362 2863 por
372 2799 400 2846 de
411 2799 456 2846 tela
467 2800 597 2862 exemplea.

191 2892 212 2941 ll
223 2893 286 2940 n'eet
295 2908 336 2956 pue
348 2891 405 2940 hors
418 2891 511 2940 demon
525 2894 589 2956 snjet
599 2892 628 2942 de
643 2894 723 2957 parler
735 2891 776 2940 dee
785 2891 879 2940 devoire
887 2891 928 2940 dea
939 2895 1083 2957 magistrats

158 2992 182 3033 et
191 2986 232 3033 dea
243 2985 352 3033 hommes
364 2985 452 3047 prire'u,
465 2985 506 3031 des
515 2986 624 3049 eitoyene
638 2992 663 3034 et
678 2985 718 3033 dee
731 2988 865 3049 etrengcre.
879 2986 923 3034 Les
941 2990 1084 3052 magistrats

161 3077 259 3125 doivent
270 3091 295 3124 ne
304 3078 413 3140 penetret
427 3076 456 3123 de
474 3084 534 3124 cette
554 3076 616 3136 idco,
628 3079 700 3141 qu'ile
718 3081 883 3141 representent
901 3078 927 3126 la
941 3079 1084 3143 mpubtique

158 3177 183 3217 et
200 3184 247 3232 que
257 3170 315 3218 o'est
325 3171 340 3216 a
351 3185 398 3217 eux
412 3170 466 3216 ben
474 3169 582 3217 contenit
593 3170 618 3217 le
630 3170 731 3234 dignito,
745 3172 902 3219 bmaintonir
916 3171 951 3219 les
961 3172 1016 3231 lois,
1032 3183 1057 3222 et
1069 3178 1084 3224 b

160 3263 246 3312 rendre
259 3263 285 3311 le
293 3263 390 3325 justice,
403 3269 480 3310 tontes
493 3262 577 3310 choses
589 3263 649 3311 dont
657 3264 688 3311 iln
700 3273 756 3312 sont
771 3265 807 3312 lee
819 3264 984 3328 depositeiree.
997 3265 1029 3313 le
1039 3266 1082 3314 de-

158 3358 211 3404 voir
223 3356 265 3404 des
276 3356 374 3419 simplet
385 3355 537 3418 perticuliere
546 3365 581 3404 eet
589 3355 617 3404 de
627 3368 746 3421 respector
757 3373 841 3406 envers
852 3358 916 3407 leurs
926 3357 1083 3420 eoncitoyens

158 3447 193 3495 les
206 3448 253 3495 loia
267 3447 296 3495 de
307 3447 333 3495 la
347 3448 437 3509 justice
448 3456 472 3494 et
484 3448 512 3495 de
524 3448 638 3512 l'c'gelite,
653 3448 750 3498 d'dviter
762 3450 898 3513 igelement
908 3450 932 3497 le
943 3448 1046 3498 hauteur
1058 3459 1083 3500 et

159 3541 183 3589 le
193 3542 309 3602 beatusne,
322 3541 423 3588 d'aimer
434 3542 449 3588 b
461 3541 512 3588 noir
523 3542 610 3605 regnet
622 3541 683 3590 dene
692 3529 770 3593 tudem
784 3543 930 3593 l'honnbtete
941 3552 965 3591 et
976 3545 1001 3591 la
1012 3553 1079 3593 tran·

159 3637 265 3700 quillitd·
275 3637 339 3686 (lost
351 3637 367 3682 b
377 3651 403 3684 ee
417 3636 471 3698 prix
486 3650 532 3698 que
544 3650 605 3683 noue
625 3652 729 3700 pensons
744 3647 768 3685 et
786 3652 831 3699 que
848 3652 910 3686 noue
925 3636 1007 3685 disens
1021 3637 1080 3685 d'un

159 3731 256 3779 homme
265 3732 326 3794 qu'il
337 3738 374 3779 eet
386 3728 433 3778 bon
446 3731 551 3794 citoyea.
565 3731 630 3780 Pour
641 3733 676 3780 les
687 3733 812 3793 dirumpere
823 3741 846 3778 et
858 3732 893 3779 loe
904 3731 1080 3794 simpleehabi-

160 3832 234 3882 tante,
248 3826 301 3873 leur
312 3824 394 3873 devoir
405 3831 440 3871 eet
452 3823 481 3871 de
493 3823 553 3872 loire
563 3823 657 3873 chacun
671 3826 735 3872 leurs
748 3822 844 3872 affeiree
857 3840 913 3872 neue
927 3841 952 3873 ee
964 3827 1039 3874 miler
1051 3824 1081 3875 de

160 3916 231 3968 oeller
242 3918 283 3968 deo
295 3924 384 3979 euna,
399 3933 485 3967 encore
497 3919 576 3967 moino
586 3918 643 3968 d'un
658 3934 717 3984 peya
727 3918 769 3982 qui
783 3918 844 3967 n'eet
855 3935 898 3984 pm
910 3921 933 3969 le
943 3920 1003 3970 leur.
1016 3921 1080 3971 C'eet
