2364 4634
362 716 415 761 urs
434 714 566 774 utvottts,
590 716 673 761 tttutt
695 715 713 762 t.
948 704 1000 761 lot

68 844 110 882 ent
120 834 283 881 familiarem.
459 848 490 880 ou
503 849 535 881 un
550 834 608 881 emi.

67 906 107 958 At,
123 902 143 947 ri
153 900 190 948 lie
459 900 532 960 Meis,
546 902 565 947 ti
576 916 609 947 uu
620 900 704 962 proebe

10 994 12 999 ·
66 976 100 1014 ert
110 965 260 1031 injudicio,
459 973 494 1014 est
510 982 539 1014 en
553 966 690 1028 jugement,

66 1033 209 1081 detenderit
221 1032 386 1097 propinquum
459 1039 486 1080 tu
498 1047 569 1080 eurus
582 1032 686 1080 defendo
699 1028 845 1093 (defendier)
858 1042 890 1078 uu
900 1026 988 1093 pruche

64 1102 212 1148 etemicum
459 1106 527 1146 etun
540 1100 589 1148 ami

62 1167 144 1228 potine
158 1180 239 1229 quem
252 1164 368 1213 ricinum.
459 1165 538 1226 pluteo
555 1166 630 1227 qu'un
649 1163 737 1213 uoieiu.

61 1234 121 1281 ttae
135 1234 231 1293 igitur,
459 1231 502 1280 Ceo
513 1232 597 1280 choses
611 1232 682 1288 donc,

59 1309 82 1346 et
94 1299 170 1356 tolie,
451 1300 482 1345 'et
493 1308 568 1346 autres
577 1298 730 1353 semblables,

57 1364 291 1428 circumspicienda
300 1373 358 1412 sunt
458 1364 556 1413 doivent
566 1369 615 1412 etre
627 1365 762 1413 extmiudee

58 1434 83 1479 in
98 1433 177 1480 omni
189 1430 285 1485 officim
460 1430 519 1478 dunt
531 1439 584 1479 tout
596 1431 693 1489 dcruirg

55 1511 79 1545 et
93 1497 257 1547 cousuetudo
459 1504 483 1544 et
492 1497 626 1544 l'ltnbitude

54 1564 263 1625 exercitatioque
458 1575 481 1610 et
492 1564 517 1610 ltt
528 1566 639 1627 prolique

55 1631 200 1695 capienda,
459 1629 509 1678 doit
519 1647 546 1676 m
558 1633 608 1678 etro
619 1630 690 1693 prise,

54 1709 84 1744 nt
101 1698 237 1761 posuimus
248 1711 299 1743 erte
458 1696 507 1743 elin
520 1712 565 1759 que
579 1712 640 1744 noue
652 1695 773 1759 puierioue
782 1695 833 1743 dtre

53 1766 120 1811 boni
133 1763 327 1810 ratiocinatores
459 1761 488 1808 de
496 1763 557 1810 bont
569 1763 730 1811 celculttteure

54 1830 218 1886 officiorum,
458 1827 499 1876 dee
511 1829 614 1888 demite,

53 1904 81 1944 et
92 1894 218 1943 cddendo
229 1894 413 1957 deducendoque
457 1902 481 1941 et
494 1910 523 1943 en
536 1897 647 1958 ajoutant
658 1903 682 1944 et
693 1893 850 1943 retruncheut

56 1964 152 2011 videre
163 1976 220 2024 quc
231 1960 274 2008 flu
458 1962 510 2008 toir
523 1963 602 2024 quelle
615 1972 650 2009 cst
663 1964 720 2009 luite
731 1962 821 2025 (quelle
830 1959 875 2024 eet)

56 2044 167 2076 eummu
181 2028 268 2089 reliqui
280 2045 287 2074 r
458 2027 482 2073 lu
495 2044 584 2075 somme
594 2029 626 2076 du
637 2039 716 2077 reete:

57 2110 91 2143 ex
104 2110 161 2158 quo
173 2094 298 2156 intelliges
458 2092 550 2155 d¹npres
562 2096 617 2156 quoi
633 2102 659 2141 tu
671 2095 782 2156 pourreie
793 2091 951 2157 compreudre

59 2168 195 2222 quantum
207 2160 321 2207 debeatur
332 2160 426 2223 cuique.
458 2161 568 2207 combien
580 2160 598 2207 il
612 2171 648 2207 est
659 2161 691 2207 du
703 2163 718 2208 it
732 2161 835 2207 oltncun.

60 2228 113 2276 Sed
129 2237 159 2274 ut
171 2241 215 2274 nec
225 2227 320 2284 medici,
458 2225 521 2274 Maio
531 2241 624 2274 comme
636 2227 661 2273 ni
673 2228 707 2274 les
719 2225 849 2287 medecine,

62 2309 114 2341 ucc
131 2295 297 2353 imperatorer,
458 2292 484 2338 ni
500 2293 534 2339 les
546 2295 677 2355 generetur,

62 2375 113 2408 nec
124 2367 240 2414 oratores,
458 2359 484 2404 ui
495 2358 529 2406 let
544 2367 658 2418 oretenus,

63 2425 186 2488 quamvis
200 2425 349 2488 perceperint
458 2424 513 2471 bien
524 2425 596 2488 qu'ils
610 2425 674 2472 aient
688 2424 768 2488 epprie

64 2497 194 2556 praecepte
205 2492 272 2551 ertit,
458 2490 492 2538 les
501 2495 621 2554 prereptus
632 2491 661 2538 de
672 2496 720 2538 lior
733 2499 781 2550 ert,

65 2566 177 2621 possunt
192 2556 305 2619 consequi
458 2572 487 2603 ne
497 2567 601 2618 peurent
612 2557 730 2604 etteindre

66 2625 207 2686 quidquam
223 2624 325 2686 dignum
457 2624 558 2685 quelque
568 2623 639 2671 chore
649 2624 678 2670 de
692 2622 766 2687 digne

66 2705 164 2752 magne
177 2689 248 2736 leude
459 2695 488 2736 de
499 2690 591 2751 grande
604 2691 709 2752 louttnge

68 2759 125 2803 eine
137 2765 216 2802 uiuet
227 2757 412 2804 exercitatione:
457 2769 513 2802 tent
525 2757 549 2804 lu
563 2756 673 2820 pretique
682 2765 707 2803 et
716 2756 857 2805 l'exercicet

68 2824 109 2869 eic
120 2823 164 2868 illu
175 2831 294 2884 precepta
456 2822 518 2869 ainsi
529 2838 567 2870 ces
579 2825 699 2885 pre'ceptee

69 2887 145 2935 officii
162 2887 320 2936 conservandi
456 2886 489 2934 du
501 2888 582 2936 devoir
594 2888 682 2935 devant
692 2891 741 2935 etro
753 2888 852 2936 obtervd

70 2954 205 3002 truduntur
216 2954 321 3016 quidem.
456 2965 512 3002 sont
523 2955 697 3002 trunemieile
708 2956 791 3016 verite,
956 2992 959 2997 .
1061 3004 1064 3009 ,

70 3031 101 3068 ut
112 3036 157 3068 nos
173 3021 289 3077 decimum
456 3035 548 3067 comme
560 3036 622 3068 noue
634 3021 737 3078 selmum
916 3016 999 3088 [ultore

70 3087 114 3133 ted
127 3087 272 3149 mugnitudo
283 3087 318 3135 rci
456 3090 517 3133 maie
535 3088 559 3134 lu
577 3087 698 3148 grendeur
715 3087 911 3150 (l'importuttce)
927 3085 957 3133 de
973 3086 997 3133 le

71 3153 195 3200 desideret
209 3168 279 3200 utum
289 3168 385 3216 quoqne
456 3151 572 3199 ‹lentunde
585 3156 609 3200 le
619 3156 730 3216 pretique
741 3154 807 3202 curti

71 3221 301 3282 exercitionemque.
455 3227 480 3265 ct
491 3218 624 3266 l’cxercice.

105 3288 187 3348 Atque
198 3287 304 3334 diximus
488 3284 519 3333 Et
530 3301 591 3332 noue
602 3300 677 3332 utone
690 3284 725 3332 dit

71 3351 121 3399 sere
132 3353 190 3399 tetis
454 3350 469 3398 it
482 3366 526 3413 peu
540 3354 593 3414 pr'eo
604 3366 668 3400 ueeez

71 3418 275 3480 quemadmodum
288 3417 423 3479 houeetutu,
454 3430 576 3465 comment
587 3417 718 3475 l’lionnete‚

70 3500 99 3532 ex
111 3501 159 3546 quo
171 3484 275 3532 officium
286 3495 322 3532 eet
333 3495 422 3547 aptum,
454 3484 541 3545 ttnquel
555 3486 576 3531 le
587 3483 671 3531 devoir
683 3495 718 3530 eet
730 3483 833 3542 attechi.

71 3552 175 3598 ducntur
192 3552 222 3598 eb
234 3551 265 3598 iit
279 3552 360 3609 robur,
455 3565 480 3596 te
491 3552 535 3597 tire
548 3550 576 3598 de
588 3565 626 3597 cet
639 3553 731 3606 choree.

70 3632 125 3678 quoe
137 3627 194 3665 eunt
207 3617 297 3679 injure
454 3617 495 3677 qui
505 3623 560 3663 eont
571 3616 631 3663 dune
644 3618 666 3663 le
679 3616 743 3664 droit

71 3685 192 3731 societatis
202 3683 325 3744 humunc.
456 3682 485 3727 de
496 3681 520 3729 le
530 3683 618 3730 societd
630 3683 753 3730 homnine.

71 3746 261 3812 Intelligendum
274 3759 310 3797 eet
322 3755 413 3808 eutem,
454 3747 517 3795 utris
528 3748 546 3795 it
559 3749 611 3795 seut
620 3749 784 3812 comprendre.

70 3830 146 3878 quum
162 3824 266 3878 quatuor
279 3830 376 3879 genere,
454 3814 555 3875 puieque
566 3824 650 3876 quatre
664 3814 927 3878 principer-generem,

70 3895 84 3930 e
95 3882 184 3945 quibui
194 3881 306 3930 honestae
455 3881 564 3943 desquels
578 3881 724 3930 l'honuttete‘
