2474 4694
179 813 238 870 328
473 821 510 867 DE
529 821 647 870 otricus
669 823 753 869 uteru
774 823 806 868 ΙΙ.

172 938 318 999 homiuum
331 944 359 993 et
378 938 412 994 ed
425 939 658 996 conservationem
675 937 777 1007 datum,
795 936 829 992 ad
848 936 979 993 bonorum
996 944 1100 1010 pestem

177 1043 377 1116 perniciemque
395 1046 572 1102 convertere?
586 1047 642 1101 Nec
655 1053 755 1115 tumen,
773 1052 802 1099 ut
813 1043 866 1099 hoo
878 1041 1033 1114 fugiendum
1045 1053 1096 1109 eet,

176 1148 214 1202 ita
226 1147 380 1205 habendum
392 1157 434 1205 eet
449 1148 569 1220 religioni
584 1156 726 1206 nocentem
737 1148 892 1220 aliquando,
907 1146 988 1203 modo
1003 1162 1039 1203 ne
1053 1163 1100 1203 ne·

175 1252 271 1307 tarium
295 1253 471 1326 impiumque,
494 1251 649 1310 defendere.
671 1251 735 1308 Vult
750 1251 801 1307 hoc
821 1249 975 1317 multitudo,
998 1250 1102 1322 potitur

175 1360 354 1430 cousuetudo,
382 1360 433 1416 fert
454 1362 534 1416 etiem
560 1359 726 1416 humanitus.
749 1357 852 1413 iudicis
878 1365 920 1414 est
943 1373 1052 1430 semper
1073 1357 1099 1412 in

174 1467 365 1523 eoueisverum
373 1467 466 1538 eequi3
484 1466 600 1538 patroni,
617 1481 812 1538 nonnunquam
824 1463 978 1531 uerisimile,
993 1462 1099 1518 etiamsi

174 1574 264 1628 miuus
277 1574 314 1629 sit
325 1590 428 1643 verum,
442 1572 586 1630 defendere
602 1591 608 1628 :
625 1574 699 1644 quod
711 1573 837 1641 seribere,
854 1571 1004 1644 presertim
1017 1587 1099 1643 quum

174 1679 208 1735 de
228 1679 399 1752 philosophie
415 1681 571 1747 scriberem,
588 1695 641 1734 non
662 1680 800 1748 auderem,
816 1678 870 1733 nisi
893 1677 965 1733 idem
979 1677 1101 1750 plaeeret

175 1787 334 1858 gravissimo
347 1787 492 1842 stoicorum
500 1785 630 1842 Panaetio.
639 1785 753 1840 Maxime
765 1793 855 1840 autem
863 1791 890 1840 et
898 1783 984 1856 gioria
996 1785 1101 1857 peritur

175 1902 203 1950 et
222 1894 308 1966 gratie
327 1892 542 1965 defensionibus,
563 1907 649 1963 eoque
666 1893 761 1963 major,
783 1890 932 1963 siquando
955 1889 1057 1946 eccidit
1072 1898 1101 1944 nt

174 2001 199 2056 ei
212 2001 399 2069 subveniatur,
415 2002 462 2073 qui
476 2002 593 2074 potentis
607 2000 723 2072 alicujus
738 2000 836 2073 opibus
845 1998 1037 2054 circumveniri
1052 2015 1099 2052 ur-

173 2109 285 2181 gerique
299 2106 434 2176 uidentur,
449 2114 479 2163 ut
491 2123 541 2165 noe
552 2115 579 2164 et
587 2123 661 2180 stepo
674 2107 753 2174 aliae,
766 2114 794 2162 et
807 2106 994 2162 adolescentes
1006 2114 1100 2162 contre

174 2217 203 2271 t.
218 2214 302 2272 sone
321 2214 483 2272 dominantis
497 2230 565 2288 opeo
585 2230 634 2287 pro
655 2215 684 2270 S.
704 2215 799 2270 Roscio
814 2214 954 2270 Amerino¹
970 2214 1098 2282 fecimus3

172 2336 244 2393 quae,
260 2329 289 2376 ut
303 2321 366 2390 ecio,
379 2328 469 2378 exstat
482 2322 577 2379 oratio.

172 2554 234 2603 pour
245 2539 305 2588 feire
323 2540 389 2603 perir
401 2540 442 2588 dee
458 2539 584 2588 innoeente
595 2544 656 2585 cette
667 2537 797 2600 etoquonee
806 2551 852 2599 que
870 2539 895 2586 le
914 2544 1000 2586 nature
1011 2553 1101 2586 nouos

173 2641 266 2690 donnee
278 2656 339 2704 pour
356 2641 417 2690 faire
428 2641 461 2688 du
478 2641 535 2689 bien
552 2655 601 2688 eux
620 2637 748 2687 hommes?
765 2639 826 2686 Meis
841 2640 974 2703 quoiqu’on
988 2655 1018 2687 ue
1031 2640 1101 2688 doive

171 2743 261 2808 jemeir
272 2759 370 2792 eooueer
385 2744 525 2803 l'inuooent‚
540 2742 558 2790 if
569 2756 600 2789 no
611 2741 664 2789 faut
675 2756 717 2804 pes
728 2756 753 2788 ee
768 2741 828 2788 taire
841 2756 874 2788 nn
890 2742 964 2789 crime
976 2739 1005 2788 de
1017 2741 1100 2788 defen·

173 2847 215 2894 dre
229 2847 379 2910 quelquefoie
390 2846 414 2894 le
425 2846 552 2909 ooupeble,
565 2859 658 2908 pourvu
672 2858 719 2906 que
731 2858 757 2891 oe
769 2859 799 2891 ne
809 2845 856 2892 ooit
867 2860 909 2907 peu
920 2851 974 2893 tout
985 2844 1056 2892 ftfnit
1067 2860 1100 2891 un

174 2949 273 2996 ooe'idret
292 2956 316 2995 et
333 2963 367 2995 un
387 2947 480 3010 impie:
495 2945 614 3009 lepeupfe
632 2945 654 2992 le
668 2953 732 3003 veut,
754 2945 778 2992 le
795 2954 909 2993 coutume
923 2946 946 2992 le
964 2945 1064 3003 eouifre,
1077 2956 1101 2993 et

173 3049 317 3099 l'humnnitd
330 3053 430 3110 mtmey
443 3055 517 3111 porte.
531 3047 564 3095 Le
573 3047 633 3110 juge
647 3062 676 3093 ne
688 3046 740 3094 doit
750 3047 860 3096 e'nrrdter
871 3047 944 3109 qu¹eu
957 3048 1023 3107 vrei3
1038 3051 1101 3096 meio

174 3150 277 3199 t'ovooet
288 3157 345 3214 peut
361 3148 511 3214 quelquefoie
523 3149 630 3196 soutenir
642 3149 664 3196 le
674 3149 869 3206 vruiuembleble‚
880 3150 999 3212 quoIqu'il
1009 3165 1040 3198 ne
1053 3154 1101 3199 soit

174 3267 217 3315 per
229 3253 308 3300 toutit
319 3250 365 3298 fnit
374 3250 436 3298 νηὶ.
452 3249 518 3300 G'eet
532 3264 559 3297 oe
571 3264 617 3312 que
626 3249 651 3311 je
667 3251 774 3298 n'uurnis
786 3251 876 3313 jamnis
892 3253 931 3299 ose
945 3251 1029 3309 ecrite,
1043 3267 1099 3300 sur·

174 3360 228 3402 tout
249 3353 309 3401 dene
328 3369 360 3401 un
380 3352 450 3401 treitd
468 3351 651 3415 philosophique
670 3366 762 3399 comme
778 3353 888 3413 nolui-uf,
908 3354 928 3400 oi
941 3353 1065 3410 Peneum,
1078 3355 1101 3402 le

175 3456 230 3518 plur
245 3455 326 3503 seuere
337 3455 378 3503 dee
392 3456 512 3512 etoioiene‚
528 3469 559 3502 ne
574 3454 658 3502 l'eunit
668 3454 704 3502 dit
723 3463 796 3503 event
808 3456 865 3502 moi.
886 3455 947 3503 niuis
961 3456 1019 3504 e’eet
1038 3456 1100 3504 dene

176 3555 308 3604 indefense
320 3554 361 3602 dee
373 3556 470 3603 necundo
484 3556 557 3618 qu'on
574 3562 658 3604 trouve
681 3557 703 3605 lo
721 3556 777 3618 plue
793 3555 821 3603 de
836 3556 912 3620 gloire
926 3563 950 3604 et
965 3556 994 3603 de
1012 3558 1097 3618 credit,

177 3664 272 3706 eurtout
286 3658 381 3720 loroque
395 3656 442 3706 l'on
455 3658 521 3705 vient
533 3673 564 3706 eu
575 3673 670 3706 eeeouro
684 3658 717 3706 du
736 3657 810 3706 fuible
829 3673 874 3720 que
885 3658 907 3706 le
923 3659 1034 3721 puiseent
1044 3669 1100 3708 veut

176 3759 303 3822 opprimor.
313 3760 375 3812 c'eet
384 3773 411 3805 oe
420 3771 466 3821 que
473 3757 519 3820 j'ei
528 3757 573 3807 fnit
580 3759 746 3823 quelquefoie;
755 3761 829 3823 jeuue
838 3776 932 3818 encore,
937 3761 983 3823 j'ei
995 3761 1099 3810 defendo

176 3861 201 3909 S.
217 3861 318 3911 Roscius
332 3860 454 3909 d'Ame'rie
464 3867 547 3908 contre
560 3859 583 3908 le
594 3861 671 3909 eredit
684 3867 709 3909 et
719 3861 744 3910 le
758 3862 966 3924 toute-puiueence
981 3863 1010 3911 de
1020 3864 1098 3929 Sylla.

176 3974 199 4011 et
216 3980 273 4012 noue
290 3979 360 4012 nuez
370 3978 416 4026 que
424 3963 469 4028 j'ei
478 3963 560 4029 publii
573 3979 600 4013 ee
610 3965 728 4013 diooouru.
