2364 4634
403 775 455 821 nes
475 775 609 834 uevorns,
633 777 717 824 tvvne
738 777 761 825 v.

130 892 158 943 sit
169 893 256 956 justum
268 893 391 944 interdum

130 976 229 1023 migrare
244 976 272 1008 es

131 1040 151 1074 et
161 1044 204 1074 non
220 1043 321 1075 sertore.

131 1093 198 1141 Decet
207 1096 269 1141 enim
280 1094 364 1145 referri

132 1160 355 1209 sdessuudsmente

129 1227 224 1288 justitie

131 1309 178 1355 qne
187 1295 296 1356 proposui
305 1295 329 1341 in
342 1295 475 1358 principio:

131 1364 476 1421 primum,utueuoeeaturcui;

131 1428 217 1477 deiude.

131 1506 154 1539 ut
165 1495 279 1541 serviatur

132 1561 222 1607 utilitati
229 1561 362 1608 communi.

130 1626 202 1686 Qunm
212 1643 241 1676 es
251 1635 434 1676 commutentur

131 1703 236 1757 ternpore,

130 1760 225 1809 officium
240 1767 420 1818 commutetur,

130 1837 205 1875 etum
217 1835 254 1875 ost
262 1843 357 1890 semper
369 1829 442 1876 idern.

130 1894 204 1942 Potest
217 1896 282 1942 enim
297 1894 405 1943 eccidero

130 1961 217 2023 siiquod
232 1962 380 2025 promissum

130 2040 148 2073 et
157 2039 310 2084 conventum,

130 2105 152 2142 ut
160 2097 189 2142 rit
198 2095 294 2152 inutile,

130 2162 190 2209 veiei
204 2164 244 2210 cui
261 2161 407 2224 promissum
420 2161 461 2219 sit,

130 2230 160 2275 vel
172 2231 191 2276 ei
204 2230 245 2291 qui
259 2229 406 2291 promiserit,

129 2294 150 2340 id
161 2296 232 2343 citici.

128 2359 184 2410 Nnrn
195 2364 222 2417 si,

129 2440 152 2474 ut
163 2437 197 2477 est
207 2431 231 2476 in
244 2428 345 2484 sabulis,

127 2493 248 2559 Neptunus
259 2511 308 2542 non
321 2494 415 2542 iecisset

127 2562 184 2622 quod
197 2563 345 2626 promiserat
355 2561 455 2618 Theseo,

502 895 521 942 il
531 894 651 957 soitjnste
662 896 752 959 persoir
780 924 782 930 ·

502 961 662 1010 d'enireindre
679 977 718 1009 ces
729 961 813 1009 choses

502 1027 566 1074 etde
579 1044 608 1076 ne
621 1045 662 1091 pao
676 1033 706 1076 des
717 1029 837 1076 observcr.

503 1095 523 1142 ΙΙ
536 1096 650 1142 convient
661 1111 691 1141 en
701 1095 756 1142 eiict
769 1095 798 1142 de
808 1110 833 1142 se
849 1102 956 1159 reportet

503 1163 568 1208 dces
581 1162 734 1209 sondemeuts

505 1227 534 1274 de
548 1228 573 1274 ls
583 1228 681 1290 justice.

503 1304 549 1355 que
557 1295 601 1356 j'tsi
614 1295 699 1342 etnblis
711 1294 771 1341 dens
785 1295 807 1341 le
818 1302 1022 1343 commcnecmcnt

504 1360 613 1417 d'nbord,
625 1368 698 1424 qu'on
711 1377 741 1409 ne
754 1363 823 1408 nuise
834 1364 849 1410 is
862 1378 978 1426 personne
990 1379 996 1417 ς

504 1430 606 1483 ensuite,

507 1495 581 1555 qu'on
593 1508 661 1541 serve

505 1561 603 1608 l'utiiite
615 1576 750 1609 commune.

504 1627 612 1690 Lorsquc
623 1643 663 1675 ces
679 1632 739 1674 boses
750 1635 804 1675 sont
819 1627 939 1692 changees

505 1710 548 1756 pur
563 1695 589 1741 lo
601 1696 777 1745 circonstnnce.

505 1761 527 1808 le
537 1761 619 1808 devoir
632 1770 668 1810 est
684 1761 786 1823 change,
819 1774 823 1779 ·

505 1836 529 1874 et
539 1829 602 1875 n'est
614 1843 655 1890 pes
665 1828 775 1890 toujours
785 1829 807 1875 le
819 1831 904 1877 meime.

505 1893 525 1942 11
535 1902 592 1956 peut
602 1910 630 1941 cn
646 1895 702 1942 effet
718 1895 810 1941 arrivcr

505 1964 610 2022 dpropos
624 1964 649 2007 de
660 1963 761 2023 quelque
773 1976 893 2023 promesse

507 2036 531 2074 et
543 2033 633 2088 quelque
645 2029 799 2082 envrvcrrtion,

506 2096 566 2155 qu'il
578 2098 626 2142 soit
637 2094 841 2157 desnvantegeux‚

507 2177 539 2208 ou
552 2162 640 2208 occini
653 2162 718 2222 isqui
731 2177 762 2209 on
774 2178 788 2208 a
800 2161 901 2224 promis,

507 2243 538 2274 ou
550 2230 564 2274 :i
575 2229 637 2275 celui
653 2229 694 2290 qui
707 2244 721 2275 ι
735 2229 835 2291 promis,

507 2302 568 2341 cetto
577 2310 687 2354 promens
700 2298 750 2341 erre
761 2297 882 2343 exdcutee.

507 2364 554 2409 Cur
566 2362 594 2416 si,

507 2442 600 2475 comme
610 2428 663 2476 cele
673 2434 709 2475 est
719 2430 753 2489 (se
767 2428 827 2479 voit}
837 2427 896 2475 deus
908 2428 932 2476 le
943 2426 1016 2486 suble,

507 2494 617 2557 Neptune
630 2495 720 2541 u’avait
735 2510 777 2556 pes
792 2494 838 2542 tait

508 2576 533 2607 oe
544 2562 603 2623 qu'il
613 2563 679 2608 sveit
690 2561 780 2623 promis
790 2562 806 2608 iv
817 2560 916 2619 Theseo,

126 2629 228 2677 Theseus
239 2645 288 2676 non
305 2628 403 2675 orbatus
420 2635 481 2675 essct
507 2627 599 2675 'rheate
608 2628 714 2675 u'sursit
728 2642 770 2690 pes
781 2629 817 2675 eti
831 2629 896 2690 privd

125 2696 172 2744 iilic
182 2696 326 2759 Hippolyto.

124 2762 158 2810 Ex
170 2765 250 2810 tribus
261 2762 328 2809 enim
340 2761 438 2824 optetis,

123 2837 149 2877 ut
159 2831 285 2883 scribitur,

124 2896 167 2944 hoc
177 2905 231 2944 eret
245 2897 354 2942 tertium.

123 2964 184 3023 quod
197 2966 277 3010 irnttvs
290 2961 382 3023 optvrvit

122 3030 150 3077 de
161 3032 263 3077 interitu
278 3028 403 3090 Hippolyti
413 3043 420 3085 ς

122 3112 170 3158 quo
181 3099 322 3160 impetrato,

122 3164 208 3211 incidit
219 3165 245 3210 in
258 3164 378 3209 maximus
390 3160 477 3206 luctus.

122 3230 171 3277 Nec
183 3232 262 3293 igitur
280 3243 308 3275 es
320 3227 447 3290 promisse,

122 3312 176 3358 quse
194 3298 246 3344 sint
259 3296 359 3343 inutiiin

124 3365 211 3424 quibus
228 3361 377 3425 promiseris,

123 3433 241 3478 servande
258 3437 332 3486 suut,

124 3511 165 3545 nec
175 3502 212 3543 est
224 3503 310 3544 contro
321 3494 440 3552 officium,

124 3565 142 3610 si
154 3570 259 3611 noceant
277 3561 332 3624 plus
344 3560 389 3608 tibi

124 3645 194 3690 quem
208 3629 303 3692 prosint

125 3696 159 3745 illi
171 3697 211 3744 cui
224 3692 374 3759 promiseris,

125 3765 204 3826 rnsjus

125 3831 237 3893 anteponi
251 3828 342 3876 minori
354 3843 361 3875 t

125 3908 160 3957 nt,
173 3899 193 3944 si
205 3896 361 3944 constitueris

508 2693 537 2741 de
548 2710 590 2741 ron
602 2695 641 2740 iiis
650 2694 791 2756 Hippolyto.

507 2761 554 2807 Cirr
567 2761 608 2807 dcs
618 2763 677 2808 trois
688 2759 806 2817 souheits,

508 2842 600 2875 comme
611 2828 628 2874 il
639 2838 675 2875 est
686 2828 755 2883 dcrit,

508 2893 612 2941 celui-le
623 2895 683 2941 erait
696 2895 718 2940 lc
730 2894 861 2948 troisieme,

508 2975 554 3021 que
566 2962 632 3008 etant
643 2961 711 3007 irritd
727 2962 744 3007 il
757 2960 869 3007 souhuits

508 3026 626 3074 touchant
634 3028 656 3074 le
668 3029 746 3089 tripes
759 3027 930 3090 d'Hippolytc;

508 3094 587 3155 lequel
599 3101 675 3156 ovant
687 3095 723 3140 ete'
736 3094 834 3147 obtenu,

508 3160 525 3207 il
537 3161 620 3208 tombs
630 3161 689 3206 deus
699 3161 724 3207 ie
734 3161 789 3222 plus
800 3159 893 3223 grande
905 3159 1012 3207 douleur.

510 3225 578 3274 Dono
589 3236 613 3275 et
621 3241 660 3274 ces
670 3242 812 3290 promesses,

509 3297 551 3355 qui
563 3294 667 3341 sersient
681 3294 799 3340 nuisibles

508 3365 523 3405 d
537 3375 595 3408 osum
606 3361 671 3423 isqui
683 3369 709 3407 tu
723 3375 795 3407 eurus
806 3359 907 3421 promis.

509 3441 539 3474 ue
549 3428 647 3474 doivent
657 3443 699 3490 pns
710 3429 760 3474 dire
777 3428 915 3474 observem:

509 3500 533 3540 et
542 3495 560 3541 il
572 3493 635 3541 n'eet
648 3509 690 3555 pas
704 3503 786 3541 contro
800 3494 823 3541 le
838 3493 928 3553 devoir,

510 3560 530 3606 si
542 3560 600 3608 elles
612 3560 709 3607 doivent
726 3560 796 3607 nuire
814 3560 896 3622 plusis
912 3561 945 3608 toi

511 3627 610 3688 qu’ellen
623 3642 653 3673 ns
664 3627 855 3676 serment-utiles

510 3693 598 3740 teelui
609 3696 675 3756 iqui
689 3705 715 3740 tu
728 3709 799 3741 turns
811 3694 910 3756 promis,

511 3759 536 3807 le
546 3761 601 3822 pius
614 3760 705 3823 grande
716 3761 788 3807 chose

510 3830 560 3874 etre
570 3827 738 3888 plaude-event
749 3828 773 3874 le
784 3828 839 3890 plus
851 3825 923 3890 petite
935 3845 941 3874 ι

512 3895 539 3939 de
551 3897 600 3940 teile
609 3903 666 3941 sorte
681 3909 735 3956 que,
750 3895 769 3940 si
783 3905 809 3940 tu
827 3909 852 3940 es
864 3908 971 3940 conventi

124 3960 483 4012 terenturumessesdvooetum
511 3961 546 4008 toi
559 3959 641 4008 devoir
655 3961 724 4008 vcuir
737 3975 820 4008 comme
831 3961 946 4008 assistunt
