<?xml version="1.0" encoding="UTF-8"?>
<!DOCTYPE html PUBLIC "-//W3C//DTD XHTML 1.0 Transitional//EN"
    "http://www.w3.org/TR/xhtml1/DTD/xhtml1-transitional.dtd">
<html xmlns="http://www.w3.org/1999/xhtml" xml:lang="en" lang="en">
 <head>
  <title>
</title>
<meta http-equiv="Content-Type" content="text/html;charset=utf-8" />
  <meta name='ocr-system' content='tesseract 3.04.00' />
  <meta name='ocr-capabilities' content='ocr_page ocr_carea ocr_par ocr_line ocrx_word'/>
</head>
<body>
  <div class='ocr_page' id='page_1' title='image "./traitdesdevoirs00cicegoog_0607.png"; bbox 0 0 2474 4694; ppageno 0'>
   <div class='ocr_carea' id='block_1_1' title="bbox 400 835 1052 906">
    <p class='ocr_par' dir='ltr' id='par_1_1' title="bbox 400 835 1052 906">
     <span class='ocr_line' id='line_1_1' title="bbox 400 835 1052 906; baseline -0.005 -11"><span class='ocrx_word' id='word_1_1' title='bbox 400 848 454 896; x_wconf 84' lang='lat' dir='ltr'>uss</span> <span class='ocrx_word' id='word_1_2' title='bbox 475 849 612 906; x_wconf 80' lang='grc' dir='ltr'><strong>υιιοιιε,</strong></span> <span class='ocrx_word' id='word_1_3' title='bbox 635 847 718 893; x_wconf 80' lang='lat' dir='ltr'>tiras</span> <span class='ocrx_word' id='word_1_4' title='bbox 737 847 780 893; x_wconf 91' lang='grc' dir='ltr'><strong>ιιι.</strong></span> <span class='ocrx_word' id='word_1_5' title='bbox 995 835 1052 895; x_wconf 79' lang='grc'>597</span> 
     </span>
    </p>
   </div>
   <div class='ocr_carea' id='block_1_2' title="bbox 129 964 1056 4076">
    <p class='ocr_par' dir='ltr' id='par_1_2' title="bbox 130 964 718 1029">
     <span class='ocr_line' id='line_1_2' title="bbox 130 964 718 1029; baseline -0.002 -14"><span class='ocrx_word' id='word_1_6' title='bbox 130 965 250 1028; x_wconf 79' lang='lat' dir='ltr'>Epicurus</span> <span class='ocrx_word' id='word_1_7' title='bbox 266 964 344 1023; x_wconf 82' lang='lat' dir='ltr'>floret,</span> <span class='ocrx_word' id='word_1_8' title='bbox 512 967 616 1029; x_wconf 84' lang='lat' dir='ltr'>Epicure</span> <span class='ocrx_word' id='word_1_9' title='bbox 628 964 718 1023; x_wconf 81' lang='lat' dir='ltr'>fleurit,</span> 
     </span>
    </p>

    <p class='ocr_par' dir='ltr' id='par_1_3' title="bbox 130 1033 823 1096">
     <span class='ocr_line' id='line_1_3' title="bbox 130 1033 823 1096; baseline 0.001 -18"><span class='ocrx_word' id='word_1_10' title='bbox 130 1033 230 1095; x_wconf 80' lang='lat' dir='ltr'>adjutor</span> <span class='ocrx_word' id='word_1_11' title='bbox 242 1043 373 1096; x_wconf 72' lang='lat' dir='ltr'>auctorque</span> <span class='ocrx_word' id='word_1_12' title='bbox 514 1035 641 1081; x_wconf 85' lang='lat' dir='ltr'>nuxiiiairs</span> <span class='ocrx_word' id='word_1_13' title='bbox 654 1041 677 1079; x_wconf 86' lang='lat' dir='ltr'>st</span> <span class='ocrx_word' id='word_1_14' title='bbox 686 1039 823 1094; x_wconf 86' lang='lat' dir='ltr'>promoteur</span> 
     </span>
    </p>

    <p class='ocr_par' dir='ltr' id='par_1_4' title="bbox 130 1098 1053 1346">
     <span class='ocr_line' id='line_1_4' title="bbox 130 1098 939 1162; baseline -0.001 -17"><span class='ocrx_word' id='word_1_15' title='bbox 130 1100 180 1146; x_wconf 81' lang='lat' dir='ltr'>sero</span> <span class='ocrx_word' id='word_1_16' title='bbox 194 1099 302 1160; x_wconf 81' lang='lat' dir='ltr'>ejusdem</span> <span class='ocrx_word' id='word_1_17' title='bbox 318 1101 451 1150; x_wconf 74' lang='lat' dir='ltr'>sententias.</span> <span class='ocrx_word' id='word_1_18' title='bbox 513 1101 654 1162; x_wconf 78' lang='lat' dir='ltr'>it-psu-prr&#39;ss</span> <span class='ocrx_word' id='word_1_19' title='bbox 665 1099 697 1145; x_wconf 84' lang='lat' dir='ltr'>&lt;tu</span> <span class='ocrx_word' id='word_1_20' title='bbox 712 1101 789 1146; x_wconf 70' lang='lat' dir='ltr'>msrne</span> <span class='ocrx_word' id='word_1_21' title='bbox 800 1098 939 1145; x_wconf 78' lang='lat' dir='ltr'>sentiment.</span> 
     </span>
     <span class='ocr_line' id='line_1_5' title="bbox 130 1165 864 1215; baseline 0.003 -4"><span class='ocrx_word' id='word_1_22' title='bbox 130 1165 310 1213; x_wconf 78' lang='lat' dir='ltr'>Desertandum</span> <span class='ocrx_word' id='word_1_23' title='bbox 324 1176 428 1214; x_wconf 78' lang='lat' dir='ltr'>estotim</span> <span class='ocrx_word' id='word_1_24' title='bbox 447 1166 483 1214; x_wconf 85' lang='lat' dir='ltr'>iris</span> <span class='ocrx_word' id='word_1_25' title='bbox 514 1167 535 1215; x_wconf 92' lang='lat' dir='ltr'>Il</span> <span class='ocrx_word' id='word_1_26' title='bbox 545 1167 598 1212; x_wconf 84' lang='lat' dir='ltr'>suut</span> <span class='ocrx_word' id='word_1_27' title='bbox 610 1167 684 1213; x_wconf 77' lang='lat' dir='ltr'>tuton</span> <span class='ocrx_word' id='word_1_28' title='bbox 699 1180 756 1212; x_wconf 81' lang='lat' dir='ltr'>aveo</span> <span class='ocrx_word' id='word_1_29' title='bbox 772 1165 864 1213; x_wconf 84' lang='lat' dir='ltr'>ceux-oi</span> 
     </span>
     <span class='ocr_line' id='line_1_6' title="bbox 131 1228 1053 1295; baseline -0.001 -19"><span class='ocrx_word' id='word_1_30' title='bbox 131 1233 321 1295; x_wconf 77' lang='lat' dir='ltr'>siriseqnisqne,</span> <span class='ocrx_word' id='word_1_31' title='bbox 333 1244 360 1280; x_wconf 88' lang='lat' dir='ltr'>ut</span> <span class='ocrx_word' id='word_1_32' title='bbox 369 1234 466 1292; x_wconf 83' lang='lat' dir='ltr'>dicitur,</span> <span class='ocrx_word' id='word_1_33' title='bbox 513 1248 569 1280; x_wconf 82' lang='lat' dir='ltr'>nvec</span> <span class='ocrx_word' id='word_1_34' title='bbox 581 1232 690 1280; x_wconf 88' lang='lat' dir='ltr'>hommes</span> <span class='ocrx_word' id='word_1_35' title='bbox 701 1240 725 1278; x_wconf 87' lang='lat' dir='ltr'>st</span> <span class='ocrx_word' id='word_1_36' title='bbox 736 1230 853 1288; x_wconf 68' lang='lat' dir='ltr'>cheteus,</span> <span class='ocrx_word' id='word_1_37' title='bbox 866 1245 959 1279; x_wconf 83' lang='lat' dir='ltr'>oomnis</span> <span class='ocrx_word' id='word_1_38' title='bbox 968 1244 999 1278; x_wconf 93' lang='lat' dir='ltr'>on</span> <span class='ocrx_word' id='word_1_39' title='bbox 1008 1228 1053 1276; x_wconf 87' lang='lat' dir='ltr'>dit.</span> 
     </span>
     <span class='ocr_line' id='line_1_7' title="bbox 130 1297 857 1346; baseline 0 -2"><span class='ocrx_word' id='word_1_40' title='bbox 130 1298 150 1344; x_wconf 86' lang='lat' dir='ltr'>si</span> <span class='ocrx_word' id='word_1_41' title='bbox 163 1301 281 1345; x_wconf 82' lang='lat' dir='ltr'>sententia</span> <span class='ocrx_word' id='word_1_42' title='bbox 292 1307 328 1346; x_wconf 87' lang='lat' dir='ltr'>est</span> <span class='ocrx_word' id='word_1_43' title='bbox 337 1301 397 1346; x_wconf 76' lang='lat' dir='ltr'>tueri</span> <span class='ocrx_word' id='word_1_44' title='bbox 513 1301 532 1345; x_wconf 89' lang='lat' dir='ltr'>si</span> <span class='ocrx_word' id='word_1_45' title='bbox 546 1309 584 1346; x_wconf 83' lang='lat' dir='ltr'>ton</span> <span class='ocrx_word' id='word_1_46' title='bbox 596 1300 647 1345; x_wconf 83' lang='lat' dir='ltr'>svis</span> <span class='ocrx_word' id='word_1_47' title='bbox 659 1304 696 1346; x_wconf 84' lang='lat' dir='ltr'>est</span> <span class='ocrx_word' id='word_1_48' title='bbox 707 1298 734 1345; x_wconf 88' lang='lat' dir='ltr'>de</span> <span class='ocrx_word' id='word_1_49' title='bbox 745 1297 857 1345; x_wconf 71' lang='lat' dir='ltr'>dessndre</span> 
     </span>
    </p>

    <p class='ocr_par' dir='ltr' id='par_1_5' title="bbox 130 1364 838 1428">
     <span class='ocr_line' id='line_1_8' title="bbox 130 1364 838 1428; baseline 0 -18"><span class='ocrx_word' id='word_1_50' title='bbox 130 1379 159 1410; x_wconf 89' lang='lat' dir='ltr'>uo</span> <span class='ocrx_word' id='word_1_51' title='bbox 169 1365 270 1412; x_wconf 84' lang='lat' dir='ltr'>retinere</span> <span class='ocrx_word' id='word_1_52' title='bbox 280 1364 440 1414; x_wconf 79' lang='lat' dir='ltr'><strong>honestatem.</strong></span> <span class='ocrx_word' id='word_1_53' title='bbox 514 1374 537 1412; x_wconf 90' lang='lat' dir='ltr'>et</span> <span class='ocrx_word' id='word_1_54' title='bbox 547 1366 575 1412; x_wconf 82' lang='lat' dir='ltr'>de</span> <span class='ocrx_word' id='word_1_55' title='bbox 585 1365 672 1428; x_wconf 78' lang='lat' dir='ltr'>garder</span> <span class='ocrx_word' id='word_1_56' title='bbox 682 1364 838 1411; x_wconf 75' lang='lat' dir='ltr'>thonnstsre,</span> 
     </span>
    </p>

    <p class='ocr_par' dir='ltr' id='par_1_6' title="bbox 129 1429 922 1492">
     <span class='ocr_line' id='line_1_9' title="bbox 129 1429 922 1492; baseline -0.001 -15"><span class='ocrx_word' id='word_1_57' title='bbox 129 1429 203 1488; x_wconf 81' lang='lat' dir='ltr'>Nam,</span> <span class='ocrx_word' id='word_1_58' title='bbox 217 1431 236 1477; x_wconf 89' lang='lat' dir='ltr'>si</span> <span class='ocrx_word' id='word_1_59' title='bbox 246 1446 293 1478; x_wconf 89' lang='lat' dir='ltr'>non</span> <span class='ocrx_word' id='word_1_60' title='bbox 302 1432 373 1479; x_wconf 85' lang='lat' dir='ltr'>modo</span> <span class='ocrx_word' id='word_1_61' title='bbox 385 1433 482 1492; x_wconf 81' lang='lat' dir='ltr'>utilitas,</span> <span class='ocrx_word' id='word_1_62' title='bbox 513 1431 567 1487; x_wconf 77' lang='lat' dir='ltr'>Cur,</span> <span class='ocrx_word' id='word_1_63' title='bbox 582 1433 601 1479; x_wconf 91' lang='lat' dir='ltr'>si</span> <span class='ocrx_word' id='word_1_64' title='bbox 613 1446 661 1478; x_wconf 91' lang='lat' dir='ltr'>non</span> <span class='ocrx_word' id='word_1_65' title='bbox 674 1431 806 1477; x_wconf 75' lang='lat' dir='ltr'>seulement</span> <span class='ocrx_word' id='word_1_66' title='bbox 816 1430 922 1487; x_wconf 62' lang='lat' dir='ltr'>rutilus,</span> 
     </span>
    </p>

    <p class='ocr_par' dir='ltr' id='par_1_7' title="bbox 130 1495 828 1545">
     <span class='ocr_line' id='line_1_10' title="bbox 130 1495 828 1545; baseline 0.001 -3"><span class='ocrx_word' id='word_1_67' title='bbox 130 1495 172 1542; x_wconf 89' lang='lat' dir='ltr'>ssd</span> <span class='ocrx_word' id='word_1_68' title='bbox 183 1498 262 1543; x_wconf 88' lang='lat' dir='ltr'>omnis</span> <span class='ocrx_word' id='word_1_69' title='bbox 273 1499 322 1544; x_wconf 85' lang='lat' dir='ltr'>vita</span> <span class='ocrx_word' id='word_1_70' title='bbox 336 1499 405 1545; x_wconf 82' lang='lat' dir='ltr'>benur</span> <span class='ocrx_word' id='word_1_71' title='bbox 513 1499 573 1544; x_wconf 85' lang='lat' dir='ltr'>mnis</span> <span class='ocrx_word' id='word_1_72' title='bbox 584 1505 650 1545; x_wconf 85' lang='lat' dir='ltr'>toute</span> <span class='ocrx_word' id='word_1_73' title='bbox 665 1497 701 1543; x_wconf 84' lang='lat' dir='ltr'>vis</span> <span class='ocrx_word' id='word_1_74' title='bbox 709 1495 828 1545; x_wconf 84' lang='lat' dir='ltr'>hsureuss</span> 
     </span>
    </p>

    <p class='ocr_par' dir='ltr' id='par_1_8' title="bbox 130 1563 810 1625">
     <span class='ocr_line' id='line_1_11' title="bbox 130 1563 810 1625; baseline 0.001 -16"><span class='ocrx_word' id='word_1_75' title='bbox 130 1563 267 1610; x_wconf 86' lang='lat' dir='ltr'>oontinstur</span> <span class='ocrx_word' id='word_1_76' title='bbox 513 1574 549 1611; x_wconf 89' lang='lat' dir='ltr'>ost</span> <span class='ocrx_word' id='word_1_77' title='bbox 560 1571 677 1612; x_wconf 88' lang='lat' dir='ltr'>contenue</span> <span class='ocrx_word' id='word_1_78' title='bbox 688 1563 810 1625; x_wconf 72' lang='lat' dir='ltr'>(consiste)</span> 
     </span>
    </p>

    <p class='ocr_par' dir='ltr' id='par_1_9' title="bbox 130 1627 892 1759">
     <span class='ocr_line' id='line_1_12' title="bbox 130 1627 892 1677; baseline -0.003 -1"><span class='ocrx_word' id='word_1_79' title='bbox 130 1629 303 1676; x_wconf 80' lang='lat' dir='ltr'>constitutione</span> <span class='ocrx_word' id='word_1_80' title='bbox 320 1629 390 1677; x_wconf 76' lang='lat' dir='ltr'>firmo</span> <span class='ocrx_word' id='word_1_81' title='bbox 513 1630 573 1677; x_wconf 79' lang='lat' dir='ltr'>dans</span> <span class='ocrx_word' id='word_1_82' title='bbox 584 1646 631 1677; x_wconf 86' lang='lat' dir='ltr'>une</span> <span class='ocrx_word' id='word_1_83' title='bbox 643 1631 801 1677; x_wconf 77' lang='lat' dir='ltr'>constitution</span> <span class='ocrx_word' id='word_1_84' title='bbox 814 1627 892 1675; x_wconf 83' lang='lat' dir='ltr'>solide</span> 
     </span>
     <span class='ocr_line' id='line_1_13' title="bbox 131 1695 625 1759; baseline 0.006 -18"><span class='ocrx_word' id='word_1_85' title='bbox 131 1698 238 1757; x_wconf 85' lang='lat' dir='ltr'>corporis</span> <span class='ocrx_word' id='word_1_86' title='bbox 513 1695 544 1744; x_wconf 78' lang='lat' dir='ltr'>rlu</span> <span class='ocrx_word' id='word_1_87' title='bbox 555 1711 625 1759; x_wconf 80' lang='lat' dir='ltr'>corps</span> 
     </span>
    </p>

    <p class='ocr_par' dir='ltr' id='par_1_10' title="bbox 131 1761 920 1825">
     <span class='ocr_line' id='line_1_14' title="bbox 131 1761 920 1825; baseline 0.003 -19"><span class='ocrx_word' id='word_1_88' title='bbox 131 1775 220 1822; x_wconf 78' lang='lat' dir='ltr'>speque</span> <span class='ocrx_word' id='word_1_89' title='bbox 230 1777 257 1807; x_wconf 84' lang='lat' dir='ltr'>ex</span> <span class='ocrx_word' id='word_1_90' title='bbox 262 1763 355 1824; x_wconf 84' lang='lat' dir='ltr'>plorata</span> <span class='ocrx_word' id='word_1_91' title='bbox 514 1775 537 1808; x_wconf 89' lang='lat' dir='ltr'>st</span> <span class='ocrx_word' id='word_1_92' title='bbox 547 1761 608 1809; x_wconf 88' lang='lat' dir='ltr'>dans</span> <span class='ocrx_word' id='word_1_93' title='bbox 620 1762 716 1824; x_wconf 86' lang='lat' dir='ltr'>l¹sspoir</span> <span class='ocrx_word' id='word_1_94' title='bbox 725 1761 806 1809; x_wconf 69' lang='lat' dir='ltr'>serint?</span> <span class='ocrx_word' id='word_1_95' title='bbox 817 1761 920 1825; x_wconf 71' lang='lat' dir='ltr'>(assuri)</span> 
     </span>
    </p>

    <p class='ocr_par' dir='ltr' id='par_1_11' title="bbox 130 1826 794 1887">
     <span class='ocr_line' id='line_1_15' title="bbox 130 1826 794 1887; baseline 0.002 -14"><span class='ocrx_word' id='word_1_96' title='bbox 130 1826 184 1887; x_wconf 86' lang='lat' dir='ltr'>ejus</span> <span class='ocrx_word' id='word_1_97' title='bbox 197 1829 386 1885; x_wconf 79' lang='lat' dir='ltr'>constitutionis,</span> <span class='ocrx_word' id='word_1_98' title='bbox 514 1828 543 1875; x_wconf 87' lang='lat' dir='ltr'>de</span> <span class='ocrx_word' id='word_1_99' title='bbox 552 1837 613 1876; x_wconf 86' lang='lat' dir='ltr'>cette</span> <span class='ocrx_word' id='word_1_100' title='bbox 627 1829 794 1883; x_wconf 82' lang='lat' dir='ltr'>constitution,</span> 
     </span>
    </p>

    <p class='ocr_par' dir='ltr' id='par_1_12' title="bbox 131 1893 784 1956">
     <span class='ocr_line' id='line_1_16' title="bbox 131 1893 784 1956; baseline 0.005 -18"><span class='ocrx_word' id='word_1_101' title='bbox 131 1901 159 1938; x_wconf 89' lang='lat' dir='ltr'>ut</span> <span class='ocrx_word' id='word_1_102' title='bbox 170 1893 286 1956; x_wconf 86' lang='lat' dir='ltr'>scriptum</span> <span class='ocrx_word' id='word_1_103' title='bbox 298 1905 332 1941; x_wconf 87' lang='lat' dir='ltr'>est</span> <span class='ocrx_word' id='word_1_104' title='bbox 513 1909 606 1943; x_wconf 87' lang='lat' dir='ltr'>comme</span> <span class='ocrx_word' id='word_1_105' title='bbox 618 1897 635 1943; x_wconf 92' lang='lat' dir='ltr'>il</span> <span class='ocrx_word' id='word_1_106' title='bbox 647 1911 662 1942; x_wconf 91' lang='lat' dir='ltr'>a</span> <span class='ocrx_word' id='word_1_107' title='bbox 675 1895 712 1942; x_wconf 78' lang='grc' dir='ltr'><strong>όιό</strong></span> <span class='ocrx_word' id='word_1_108' title='bbox 722 1895 784 1942; x_wconf 74' lang='lat' dir='ltr'>ecrit</span> 
     </span>
    </p>

    <p class='ocr_par' dir='ltr' id='par_1_13' title="bbox 131 1958 715 2023">
     <span class='ocr_line' id='line_1_17' title="bbox 131 1958 715 2023; baseline 0.005 -18"><span class='ocrx_word' id='word_1_109' title='bbox 131 1974 146 2005; x_wconf 92' lang='lat' dir='ltr'>a</span> <span class='ocrx_word' id='word_1_110' title='bbox 157 1958 304 2012; x_wconf 85' lang='lat' dir='ltr'>Metrodoro.</span> <span class='ocrx_word' id='word_1_111' title='bbox 514 1975 558 2023; x_wconf 84' lang='lat' dir='ltr'>par</span> <span class='ocrx_word' id='word_1_112' title='bbox 570 1961 715 2018; x_wconf 77' lang='lat' dir='ltr'>Metrodoro,</span> 
     </span>
    </p>

    <p class='ocr_par' dir='ltr' id='par_1_14' title="bbox 132 2025 838 2081">
     <span class='ocr_line' id='line_1_18' title="bbox 132 2025 838 2081; baseline 0 -9"><span class='ocrx_word' id='word_1_113' title='bbox 132 2025 372 2078; x_wconf 75' lang='lat' dir='ltr'>sertehseoutilitos.</span> <span class='ocrx_word' id='word_1_114' title='bbox 405 2041 407 2045; x_wconf 51' lang='lat'><strong>¹</strong></span> <span class='ocrx_word' id='word_1_115' title='bbox 515 2027 838 2081; x_wconf 73' lang='lat' dir='ltr'>assure&#39;msntosttentiliui,</span> 
     </span>
    </p>

    <p class='ocr_par' dir='ltr' id='par_1_15' title="bbox 132 2091 879 2155">
     <span class='ocr_line' id='line_1_19' title="bbox 132 2091 879 2155; baseline 0.001 -18"><span class='ocrx_word' id='word_1_116' title='bbox 132 2092 259 2153; x_wconf 83' lang='lat' dir='ltr'>etquidem</span> <span class='ocrx_word' id='word_1_117' title='bbox 275 2108 378 2150; x_wconf 78' lang='lat' dir='ltr'>summa,</span> <span class='ocrx_word' id='word_1_118' title='bbox 513 2102 538 2138; x_wconf 89' lang='lat' dir='ltr'>et</span> <span class='ocrx_word' id='word_1_119' title='bbox 548 2096 563 2139; x_wconf 76' lang='lat' dir='ltr'>a</span> <span class='ocrx_word' id='word_1_120' title='bbox 573 2094 597 2141; x_wconf 87' lang='lat' dir='ltr'>la</span> <span class='ocrx_word' id='word_1_121' title='bbox 608 2095 682 2141; x_wconf 61' lang='lat' dir='ltr'>visite</span> <span class='ocrx_word' id='word_1_122' title='bbox 695 2094 719 2140; x_wconf 89' lang='lat' dir='ltr'>la</span> <span class='ocrx_word' id='word_1_123' title='bbox 733 2093 787 2155; x_wconf 90' lang='lat' dir='ltr'>plus</span> <span class='ocrx_word' id='word_1_124' title='bbox 797 2091 879 2154; x_wconf 81' lang='lat' dir='ltr'>haute,</span> 
     </span>
    </p>

    <p class='ocr_par' dir='ltr' id='par_1_16' title="bbox 131 2158 790 2221">
     <span class='ocr_line' id='line_1_20' title="bbox 131 2158 790 2221; baseline 0 -17"><span class='ocrx_word' id='word_1_125' title='bbox 131 2167 232 2205; x_wconf 84' lang='lat' dir='ltr'>censent</span> <span class='ocrx_word' id='word_1_126' title='bbox 243 2158 307 2204; x_wconf 86' lang='lat' dir='ltr'>enirn</span> <span class='ocrx_word' id='word_1_127' title='bbox 320 2161 365 2215; x_wconf 83' lang='lat' dir='ltr'>sic,</span> <span class='ocrx_word' id='word_1_128' title='bbox 514 2174 555 2205; x_wconf 88' lang='lat' dir='ltr'>cnr</span> <span class='ocrx_word' id='word_1_129' title='bbox 567 2160 596 2205; x_wconf 88' lang='lat' dir='ltr'>ils</span> <span class='ocrx_word' id='word_1_130' title='bbox 610 2170 707 2221; x_wconf 84' lang='lat' dir='ltr'>pensent</span> <span class='ocrx_word' id='word_1_131' title='bbox 718 2161 790 2212; x_wconf 75' lang='lat' dir='ltr'>ainsi,</span> 
     </span>
    </p>

    <p class='ocr_par' dir='ltr' id='par_1_17' title="bbox 132 2224 837 2285">
     <span class='ocr_line' id='line_1_21' title="bbox 132 2224 837 2285; baseline 0.004 -18"><span class='ocrx_word' id='word_1_132' title='bbox 132 2224 252 2285; x_wconf 80' lang='lat' dir='ltr'>pugnabit</span> <span class='ocrx_word' id='word_1_133' title='bbox 263 2240 318 2271; x_wconf 82' lang='lat' dir='ltr'>nuru</span> <span class='ocrx_word' id='word_1_134' title='bbox 328 2224 461 2272; x_wconf 75' lang='lat' dir='ltr'>honestate.</span> <span class='ocrx_word' id='word_1_135' title='bbox 514 2225 603 2271; x_wconf 86' lang='lat' dir='ltr'>luttera</span> <span class='ocrx_word' id='word_1_136' title='bbox 617 2241 674 2272; x_wconf 79' lang='lat' dir='ltr'>aveo</span> <span class='ocrx_word' id='word_1_137' title='bbox 684 2225 837 2272; x_wconf 61' lang='lat' dir='ltr'>l&#39;honnststs&#39;.</span> 
     </span>
    </p>

    <p class='ocr_par' dir='ltr' id='par_1_18' title="bbox 131 2289 716 2353">
     <span class='ocr_line' id='line_1_22' title="bbox 131 2289 716 2353; baseline -0.003 -14"><span class='ocrx_word' id='word_1_138' title='bbox 131 2289 194 2339; x_wconf 80' lang='lat' dir='ltr'>Nam</span> <span class='ocrx_word' id='word_1_139' title='bbox 207 2290 249 2338; x_wconf 89' lang='lat' dir='ltr'>nbi</span> <span class='ocrx_word' id='word_1_140' title='bbox 262 2291 365 2353; x_wconf 88' lang='lat' dir='ltr'>primum</span> <span class='ocrx_word' id='word_1_141' title='bbox 515 2292 561 2339; x_wconf 87' lang='lat' dir='ltr'>Car</span> <span class='ocrx_word' id='word_1_142' title='bbox 572 2292 603 2338; x_wconf 80' lang='lat' dir='ltr'>oir</span> <span class='ocrx_word' id='word_1_143' title='bbox 615 2291 716 2338; x_wconf 83' lang='lat' dir='ltr'>d&#39;abor·d</span> 
     </span>
    </p>

    <p class='ocr_par' dir='ltr' id='par_1_19' title="bbox 131 2350 1056 2537">
     <span class='ocr_line' id='line_1_23' title="bbox 131 2350 1056 2420; baseline -0.002 -18"><span class='ocrx_word' id='word_1_144' title='bbox 131 2356 200 2402; x_wconf 85' lang='lat' dir='ltr'>iocus</span> <span class='ocrx_word' id='word_1_145' title='bbox 218 2357 315 2405; x_wconf 83' lang='lat' dir='ltr'>dabitur</span> <span class='ocrx_word' id='word_1_146' title='bbox 334 2356 489 2420; x_wconf 73' lang='lat' dir='ltr'>prudentia?</span> <span class='ocrx_word' id='word_1_147' title='bbox 515 2350 1056 2419; x_wconf 70' lang='lat' dir='ltr'>uneplaeesen-r-slle‹tonntetteprudsnsst</span> 
     </span>
     <span class='ocr_line' id='line_1_24' title="bbox 131 2421 1056 2486; baseline -0.002 -17"><span class='ocrx_word' id='word_1_148' title='bbox 131 2423 171 2469; x_wconf 79' lang='lat' dir='ltr'>An</span> <span class='ocrx_word' id='word_1_149' title='bbox 185 2428 212 2469; x_wconf 89' lang='lat' dir='ltr'>ut</span> <span class='ocrx_word' id='word_1_150' title='bbox 227 2427 354 2485; x_wconf 80' lang='lat' dir='ltr'>conquirat</span> <span class='ocrx_word' id='word_1_151' title='bbox 366 2425 472 2486; x_wconf 86' lang='lat' dir='ltr'>undique</span> <span class='ocrx_word' id='word_1_152' title='bbox 515 2423 596 2470; x_wconf 79' lang='lat' dir='ltr'>Est-oo</span> <span class='ocrx_word' id='word_1_153' title='bbox 605 2438 665 2485; x_wconf 90' lang='lat' dir='ltr'>pour</span> <span class='ocrx_word' id='word_1_154' title='bbox 676 2423 763 2484; x_wconf 87' lang='lat' dir='ltr'>qn&#39;ells</span> <span class='ocrx_word' id='word_1_155' title='bbox 771 2421 873 2470; x_wconf 82' lang='lat' dir='ltr'>chercho</span> <span class='ocrx_word' id='word_1_156' title='bbox 885 2421 1056 2469; x_wconf 62' lang='lat' dir='ltr'>‹lateus-ostes</span> 
     </span>
     <span class='ocr_line' id='line_1_25' title="bbox 132 2487 706 2537; baseline 0 -4"><span class='ocrx_word' id='word_1_157' title='bbox 132 2488 282 2536; x_wconf 78' lang='lat' dir='ltr'>suavitates?</span> <span class='ocrx_word' id='word_1_158' title='bbox 516 2488 557 2536; x_wconf 86' lang='lat' dir='ltr'>des</span> <span class='ocrx_word' id='word_1_159' title='bbox 570 2487 706 2537; x_wconf 85' lang='lat' dir='ltr'>douosurs?</span> 
     </span>
    </p>

    <p class='ocr_par' dir='ltr' id='par_1_20' title="bbox 131 2553 849 2618">
     <span class='ocr_line' id='line_1_26' title="bbox 131 2553 849 2618; baseline 0.003 -18"><span class='ocrx_word' id='word_1_160' title='bbox 131 2553 210 2613; x_wconf 82' lang='lat' dir='ltr'>Quum</span> <span class='ocrx_word' id='word_1_161' title='bbox 223 2555 296 2602; x_wconf 80' lang='lat' dir='ltr'>miser</span> <span class='ocrx_word' id='word_1_162' title='bbox 307 2555 440 2605; x_wconf 75' lang='lat' dir='ltr'>famulatus</span> <span class='ocrx_word' id='word_1_163' title='bbox 515 2555 576 2615; x_wconf 82' lang='lat' dir='ltr'>Qnel</span> <span class='ocrx_word' id='word_1_164' title='bbox 588 2556 715 2602; x_wconf 77' lang='lat' dir='ltr'>miserubls</span> <span class='ocrx_word' id='word_1_165' title='bbox 724 2556 849 2618; x_wconf 78' lang='lat' dir='ltr'>esclavage</span> 
     </span>
    </p>

    <p class='ocr_par' dir='ltr' id='par_1_21' title="bbox 132 2621 657 2669">
     <span class='ocr_line' id='line_1_27' title="bbox 132 2621 657 2669; baseline 0.006 -3"><span class='ocrx_word' id='word_1_166' title='bbox 132 2621 230 2668; x_wconf 85' lang='lat' dir='ltr'>virtutis</span> <span class='ocrx_word' id='word_1_167' title='bbox 517 2622 545 2669; x_wconf 87' lang='lat' dir='ltr'>de</span> <span class='ocrx_word' id='word_1_168' title='bbox 555 2623 579 2669; x_wconf 83' lang='lat' dir='ltr'>ln</span> <span class='ocrx_word' id='word_1_169' title='bbox 588 2630 657 2669; x_wconf 85' lang='lat' dir='ltr'>vertu</span> 
     </span>
    </p>

    <p class='ocr_par' dir='ltr' id='par_1_22' title="bbox 132 2687 773 2752">
     <span class='ocr_line' id='line_1_28' title="bbox 132 2687 773 2752; baseline 0.003 -20"><span class='ocrx_word' id='word_1_170' title='bbox 132 2687 258 2734; x_wconf 78' lang='lat' dir='ltr'>servientis</span> <span class='ocrx_word' id='word_1_171' title='bbox 269 2690 403 2752; x_wconf 82' lang='lat' dir='ltr'>voluptati!</span> <span class='ocrx_word' id='word_1_172' title='bbox 516 2697 612 2736; x_wconf 80' lang='lat' dir='ltr'>servant</span> <span class='ocrx_word' id='word_1_173' title='bbox 624 2691 648 2736; x_wconf 89' lang='lat' dir='ltr'>la</span> <span class='ocrx_word' id='word_1_174' title='bbox 661 2687 773 2751; x_wconf 78' lang='lat' dir='ltr'>voluptei!</span> 
     </span>
    </p>

    <p class='ocr_par' dir='ltr' id='par_1_23' title="bbox 132 2752 882 2882">
     <span class='ocr_line' id='line_1_29' title="bbox 132 2752 882 2818; baseline 0.003 -19"><span class='ocrx_word' id='word_1_175' title='bbox 132 2752 203 2812; x_wconf 86' lang='lat' dir='ltr'>Quod</span> <span class='ocrx_word' id='word_1_176' title='bbox 217 2761 296 2800; x_wconf 83' lang='lat' dir='ltr'>sutem</span> <span class='ocrx_word' id='word_1_177' title='bbox 307 2771 395 2803; x_wconf 82' lang='lat' dir='ltr'>munna</span> <span class='ocrx_word' id='word_1_178' title='bbox 517 2755 578 2802; x_wconf 73' lang='lat' dir='ltr'>stau</span> <span class='ocrx_word' id='word_1_179' title='bbox 591 2756 669 2818; x_wconf 82' lang='lat' dir='ltr'>quello</span> <span class='ocrx_word' id='word_1_180' title='bbox 680 2771 730 2804; x_wconf 84' lang='lat' dir='ltr'>sero</span> <span class='ocrx_word' id='word_1_181' title='bbox 741 2757 765 2802; x_wconf 88' lang='lat' dir='ltr'>la</span> <span class='ocrx_word' id='word_1_182' title='bbox 777 2754 882 2803; x_wconf 77' lang='lat' dir='ltr'>fonction</span> 
     </span>
     <span class='ocr_line' id='line_1_30' title="bbox 132 2818 728 2882; baseline 0.007 -17"><span class='ocrx_word' id='word_1_183' title='bbox 132 2819 284 2880; x_wconf 73' lang='lat' dir='ltr'>prudentias?</span> <span class='ocrx_word' id='word_1_184' title='bbox 516 2820 544 2866; x_wconf 85' lang='lat' dir='ltr'>ds</span> <span class='ocrx_word' id='word_1_185' title='bbox 556 2821 580 2867; x_wconf 86' lang='lat' dir='ltr'>la</span> <span class='ocrx_word' id='word_1_186' title='bbox 591 2818 728 2882; x_wconf 86' lang='lat' dir='ltr'>prudence?</span> 
     </span>
    </p>

    <p class='ocr_par' dir='ltr' id='par_1_24' title="bbox 132 2886 909 3013">
     <span class='ocr_line' id='line_1_31' title="bbox 132 2886 909 2948; baseline -0.001 -16"><span class='ocrx_word' id='word_1_187' title='bbox 132 2887 173 2932; x_wconf 75' lang='lat' dir='ltr'>An</span> <span class='ocrx_word' id='word_1_188' title='bbox 186 2886 264 2946; x_wconf 79' lang='lat' dir='ltr'>legere</span> <span class='ocrx_word' id='word_1_189' title='bbox 277 2887 411 2948; x_wconf 80' lang='lat' dir='ltr'>voluptates</span> <span class='ocrx_word' id='word_1_190' title='bbox 517 2886 600 2933; x_wconf 78' lang='lat' dir='ltr'>Est-cs</span> <span class='ocrx_word' id='word_1_191' title='bbox 615 2886 643 2933; x_wconf 87' lang='lat' dir='ltr'>ds</span> <span class='ocrx_word' id='word_1_192' title='bbox 652 2886 742 2935; x_wconf 82' lang='lat' dir='ltr'>ohoisir</span> <span class='ocrx_word' id='word_1_193' title='bbox 755 2887 790 2933; x_wconf 88' lang='lat' dir='ltr'>ies</span> <span class='ocrx_word' id='word_1_194' title='bbox 801 2887 909 2948; x_wconf 74' lang='lat' dir='ltr'>voluptes</span> 
     </span>
     <span class='ocr_line' id='line_1_32' title="bbox 133 2949 884 3013; baseline 0.001 -15"><span class='ocrx_word' id='word_1_195' title='bbox 133 2951 318 3013; x_wconf 78' lang='lat' dir='ltr'>intelligenter?</span> <span class='ocrx_word' id='word_1_196' title='bbox 518 2949 884 3013; x_wconf 62' lang='lat' dir='ltr'>d’usemanimo-intelligentei</span> 
     </span>
    </p>

    <p class='ocr_par' dir='ltr' id='par_1_25' title="bbox 134 3017 1041 3146">
     <span class='ocr_line' id='line_1_33' title="bbox 134 3017 1041 3082; baseline 0.003 -18"><span class='ocrx_word' id='word_1_197' title='bbox 134 3017 181 3064; x_wconf 81' lang='lat' dir='ltr'>Fso</span> <span class='ocrx_word' id='word_1_198' title='bbox 193 3018 254 3066; x_wconf 89' lang='lat' dir='ltr'>nihil</span> <span class='ocrx_word' id='word_1_199' title='bbox 265 3034 316 3066; x_wconf 86' lang='lat' dir='ltr'>esse</span> <span class='ocrx_word' id='word_1_200' title='bbox 331 3019 464 3081; x_wconf 83' lang='lat' dir='ltr'>jucundius</span> <span class='ocrx_word' id='word_1_201' title='bbox 517 3018 572 3066; x_wconf 82' lang='lat' dir='ltr'>Fais</span> <span class='ocrx_word' id='word_1_202' title='bbox 582 3021 703 3082; x_wconf 77' lang='lat' dir='ltr'>(suppose)</span> <span class='ocrx_word' id='word_1_203' title='bbox 713 3020 764 3065; x_wconf 89' lang='lat' dir='ltr'>risu</span> <span class='ocrx_word' id='word_1_204' title='bbox 777 3021 852 3066; x_wconf 70' lang='lat' dir='ltr'>n‘stre</span> <span class='ocrx_word' id='word_1_205' title='bbox 863 3019 918 3081; x_wconf 86' lang='lat' dir='ltr'>plus</span> <span class='ocrx_word' id='word_1_206' title='bbox 927 3018 1041 3081; x_wconf 68' lang='lat' dir='ltr'>sgrsabls</span> 
     </span>
     <span class='ocr_line' id='line_1_34' title="bbox 134 3083 763 3146; baseline 0.002 -17"><span class='ocrx_word' id='word_1_207' title='bbox 134 3083 194 3141; x_wconf 82' lang='lat' dir='ltr'>isto;</span> <span class='ocrx_word' id='word_1_208' title='bbox 517 3100 563 3145; x_wconf 87' lang='lat' dir='ltr'>qus</span> <span class='ocrx_word' id='word_1_209' title='bbox 573 3094 634 3133; x_wconf 84' lang='lat' dir='ltr'>cette</span> <span class='ocrx_word' id='word_1_210' title='bbox 646 3088 763 3146; x_wconf 59' lang='lat' dir='ltr'>smerden,-</span> 
     </span>
    </p>

    <p class='ocr_par' dir='ltr' id='par_1_26' title="bbox 134 3150 798 3215">
     <span class='ocr_line' id='line_1_35' title="bbox 134 3150 798 3215; baseline 0.002 -20"><span class='ocrx_word' id='word_1_211' title='bbox 134 3150 192 3210; x_wconf 82' lang='lat' dir='ltr'>qnid</span> <span class='ocrx_word' id='word_1_212' title='bbox 206 3152 300 3212; x_wconf 85' lang='lat' dir='ltr'>turpius</span> <span class='ocrx_word' id='word_1_213' title='bbox 518 3152 574 3212; x_wconf 90' lang='lat' dir='ltr'>quoi</span> <span class='ocrx_word' id='word_1_214' title='bbox 583 3151 611 3199; x_wconf 86' lang='lat' dir='ltr'>de</span> <span class='ocrx_word' id='word_1_215' title='bbox 623 3152 677 3215; x_wconf 88' lang='lat' dir='ltr'>plus</span> <span class='ocrx_word' id='word_1_216' title='bbox 689 3151 798 3198; x_wconf 80' lang='lat' dir='ltr'>hostenx</span> 
     </span>
    </p>

    <p class='ocr_par' dir='ltr' id='par_1_27' title="bbox 133 3213 772 3280">
     <span class='ocr_line' id='line_1_36' title="bbox 133 3213 772 3280; baseline 0 -18"><span class='ocrx_word' id='word_1_217' title='bbox 133 3225 211 3277; x_wconf 85' lang='lat' dir='ltr'>potest</span> <span class='ocrx_word' id='word_1_218' title='bbox 225 3217 327 3278; x_wconf 81' lang='lat' dir='ltr'>cogitari</span> <span class='ocrx_word' id='word_1_219' title='bbox 337 3215 349 3264; x_wconf 70' lang='grc' dir='ltr'><em>ἲ</em></span> <span class='ocrx_word' id='word_1_220' title='bbox 517 3225 574 3277; x_wconf 85' lang='lat' dir='ltr'>peut</span> <span class='ocrx_word' id='word_1_221' title='bbox 583 3221 633 3266; x_wconf 63' lang='lat' dir='ltr'>&amp;tre</span> <span class='ocrx_word' id='word_1_222' title='bbox 642 3218 749 3280; x_wconf 69' lang='lat' dir='ltr'>imagine</span> <span class='ocrx_word' id='word_1_223' title='bbox 760 3213 772 3262; x_wconf 70' lang='lat' dir='ltr'>i</span> 
     </span>
    </p>

    <p class='ocr_par' dir='ltr' id='par_1_28' title="bbox 132 3281 1008 3415">
     <span class='ocr_line' id='line_1_37' title="bbox 132 3281 1008 3345; baseline 0.002 -16"><span class='ocrx_word' id='word_1_224' title='bbox 132 3282 201 3341; x_wconf 63' lang='lat' dir='ltr'>elam,</span> <span class='ocrx_word' id='word_1_225' title='bbox 212 3284 255 3343; x_wconf 89' lang='lat' dir='ltr'>qui</span> <span class='ocrx_word' id='word_1_226' title='bbox 269 3283 335 3330; x_wconf 86' lang='lat' dir='ltr'>diost</span> <span class='ocrx_word' id='word_1_227' title='bbox 348 3282 456 3330; x_wconf 88' lang='lat' dir='ltr'>dolorem</span> <span class='ocrx_word' id='word_1_228' title='bbox 518 3283 646 3338; x_wconf 69' lang='lat' dir='ltr'>Eri-eune,</span> <span class='ocrx_word' id='word_1_229' title='bbox 659 3284 720 3333; x_wconf 82' lang='lat' dir='ltr'>celui</span> <span class='ocrx_word' id='word_1_230' title='bbox 734 3283 775 3345; x_wconf 88' lang='lat' dir='ltr'>qui</span> <span class='ocrx_word' id='word_1_231' title='bbox 787 3281 893 3331; x_wconf 77' lang='lat' dir='ltr'>dimitis</span> <span class='ocrx_word' id='word_1_232' title='bbox 905 3283 1008 3332; x_wconf 83' lang='lat' dir='ltr'>doulsur</span> 
     </span>
     <span class='ocr_line' id='line_1_38' title="bbox 133 3349 819 3415; baseline 0.003 -21"><span class='ocrx_word' id='word_1_233' title='bbox 133 3363 255 3395; x_wconf 89' lang='lat' dir='ltr'>summurn</span> <span class='ocrx_word' id='word_1_234' title='bbox 268 3350 370 3408; x_wconf 80' lang='lat' dir='ltr'>maium,</span> <span class='ocrx_word' id='word_1_235' title='bbox 517 3355 562 3397; x_wconf 63' lang='lat' dir='ltr'>stre</span> <span class='ocrx_word' id='word_1_236' title='bbox 574 3351 596 3398; x_wconf 89' lang='lat' dir='ltr'>ls</span> <span class='ocrx_word' id='word_1_237' title='bbox 606 3352 659 3413; x_wconf 92' lang='lat' dir='ltr'>plus</span> <span class='ocrx_word' id='word_1_238' title='bbox 672 3352 749 3415; x_wconf 80' lang='lat' dir='ltr'>grand</span> <span class='ocrx_word' id='word_1_239' title='bbox 761 3349 819 3404; x_wconf 78' lang='lat' dir='ltr'>mal,</span> 
     </span>
    </p>

    <p class='ocr_par' dir='ltr' id='par_1_29' title="bbox 135 3415 675 3479">
     <span class='ocr_line' id='line_1_39' title="bbox 135 3415 675 3479; baseline 0.007 -19"><span class='ocrx_word' id='word_1_240' title='bbox 135 3429 205 3476; x_wconf 82' lang='lat' dir='ltr'>quem</span> <span class='ocrx_word' id='word_1_241' title='bbox 218 3415 299 3462; x_wconf 88' lang='lat' dir='ltr'>loourn</span> <span class='ocrx_word' id='word_1_242' title='bbox 518 3416 597 3477; x_wconf 83' lang='lat' dir='ltr'>quelle</span> <span class='ocrx_word' id='word_1_243' title='bbox 608 3419 675 3479; x_wconf 85' lang='lat' dir='ltr'>pisos</span> 
     </span>
    </p>

    <p class='ocr_par' dir='ltr' id='par_1_30' title="bbox 134 3480 714 3544">
     <span class='ocr_line' id='line_1_40' title="bbox 134 3480 714 3544; baseline 0.007 -17"><span class='ocrx_word' id='word_1_244' title='bbox 134 3480 206 3528; x_wconf 86' lang='lat' dir='ltr'>habot</span> <span class='ocrx_word' id='word_1_245' title='bbox 217 3482 280 3543; x_wconf 86' lang='lat' dir='ltr'>apud</span> <span class='ocrx_word' id='word_1_246' title='bbox 291 3497 345 3529; x_wconf 90' lang='lat' dir='ltr'>eum</span> <span class='ocrx_word' id='word_1_247' title='bbox 517 3499 532 3528; x_wconf 83' lang='lat' dir='ltr'>a</span> <span class='ocrx_word' id='word_1_248' title='bbox 544 3485 629 3544; x_wconf 61' lang='lat' dir='ltr'>suptus</span> <span class='ocrx_word' id='word_1_249' title='bbox 642 3482 671 3529; x_wconf 90' lang='lat' dir='ltr'>ds</span> <span class='ocrx_word' id='word_1_250' title='bbox 679 3483 714 3531; x_wconf 87' lang='lat' dir='ltr'>ini</span> 
     </span>
    </p>

    <p class='ocr_par' dir='ltr' id='par_1_31' title="bbox 134 3547 713 3606">
     <span class='ocr_line' id='line_1_41' title="bbox 134 3547 713 3606; baseline 0.003 -12"><span class='ocrx_word' id='word_1_251' title='bbox 134 3547 261 3603; x_wconf 78' lang='lat' dir='ltr'>fortitudo,</span> <span class='ocrx_word' id='word_1_252' title='bbox 518 3548 713 3606; x_wconf 67' lang='lat' dir='ltr'>lusores-d&#39;flma</span> 
     </span>
    </p>

    <p class='ocr_par' dir='ltr' id='par_1_32' title="bbox 135 3614 738 3679">
     <span class='ocr_line' id='line_1_42' title="bbox 135 3614 738 3679; baseline 0.005 -21"><span class='ocrx_word' id='word_1_253' title='bbox 135 3627 188 3674; x_wconf 75' lang='lat' dir='ltr'>quse</span> <span class='ocrx_word' id='word_1_254' title='bbox 203 3621 239 3661; x_wconf 89' lang='lat' dir='ltr'>est</span> <span class='ocrx_word' id='word_1_255' title='bbox 249 3615 394 3676; x_wconf 86' lang='lat' dir='ltr'>contemptio</span> <span class='ocrx_word' id='word_1_256' title='bbox 519 3614 559 3675; x_wconf 89' lang='lat' dir='ltr'>qui</span> <span class='ocrx_word' id='word_1_257' title='bbox 572 3626 605 3661; x_wconf 65' lang='lat' dir='ltr'>&#39;eat</span> <span class='ocrx_word' id='word_1_258' title='bbox 619 3616 640 3663; x_wconf 87' lang='lat' dir='ltr'>la</span> <span class='ocrx_word' id='word_1_259' title='bbox 650 3615 738 3679; x_wconf 72' lang='lat' dir='ltr'>ineptis</span> 
     </span>
    </p>

    <p class='ocr_par' dir='ltr' id='par_1_33' title="bbox 134 3678 913 3810">
     <span class='ocr_line' id='line_1_43' title="bbox 135 3678 913 3743; baseline 0.003 -17"><span class='ocrx_word' id='word_1_260' title='bbox 135 3679 246 3726; x_wconf 89' lang='lat' dir='ltr'>dolorum</span> <span class='ocrx_word' id='word_1_261' title='bbox 260 3680 421 3743; x_wconf 84' lang='lat' dir='ltr'>laborumque</span> <span class='ocrx_word' id='word_1_262' title='bbox 432 3679 443 3727; x_wconf 90' lang='lat'><strong>?</strong></span> <span class='ocrx_word' id='word_1_263' title='bbox 518 3683 559 3726; x_wconf 83' lang='lat' dir='ltr'>des</span> <span class='ocrx_word' id='word_1_264' title='bbox 573 3683 688 3729; x_wconf 72' lang='lat' dir='ltr'>oouleurs</span> <span class='ocrx_word' id='word_1_265' title='bbox 705 3690 729 3728; x_wconf 89' lang='lat' dir='ltr'>et</span> <span class='ocrx_word' id='word_1_266' title='bbox 738 3680 779 3741; x_wconf 77' lang='lat' dir='ltr'>des</span> <span class='ocrx_word' id='word_1_267' title='bbox 789 3678 913 3742; x_wconf 76' lang='lat' dir='ltr'>fatigassi</span> 
     </span>
     <span class='ocr_line' id='line_1_44' title="bbox 134 3746 855 3810; baseline 0.008 -22"><span class='ocrx_word' id='word_1_268' title='bbox 134 3746 252 3804; x_wconf 81' lang='lat' dir='ltr'>Quamvis</span> <span class='ocrx_word' id='word_1_269' title='bbox 265 3749 328 3793; x_wconf 80' lang='lat' dir='ltr'>enirn</span> <span class='ocrx_word' id='word_1_270' title='bbox 342 3747 459 3810; x_wconf 82' lang='lat' dir='ltr'>Epicurus</span> <span class='ocrx_word' id='word_1_271' title='bbox 519 3748 556 3794; x_wconf 77' lang='lat' dir='ltr'>Eu</span> <span class='ocrx_word' id='word_1_272' title='bbox 568 3747 623 3794; x_wconf 83' lang='lat' dir='ltr'>sffst</span> <span class='ocrx_word' id='word_1_273' title='bbox 636 3748 740 3810; x_wconf 85' lang='lat' dir='ltr'>quoique</span> <span class='ocrx_word' id='word_1_274' title='bbox 751 3748 855 3808; x_wconf 74' lang='lat' dir='ltr'>Epicure</span> 
     </span>
    </p>

    <p class='ocr_par' dir='ltr' id='par_1_34' title="bbox 135 3811 906 3875">
     <span class='ocr_line' id='line_1_45' title="bbox 135 3811 906 3875; baseline 0.003 -17"><span class='ocrx_word' id='word_1_275' title='bbox 135 3811 199 3859; x_wconf 86' lang='lat' dir='ltr'>dicut</span> <span class='ocrx_word' id='word_1_276' title='bbox 209 3812 234 3859; x_wconf 91' lang='lat' dir='ltr'>iu</span> <span class='ocrx_word' id='word_1_277' title='bbox 251 3813 413 3875; x_wconf 71' lang='lat' dir='ltr'>mulinionis,</span> <span class='ocrx_word' id='word_1_278' title='bbox 519 3813 585 3875; x_wconf 87' lang='lat' dir='ltr'>pnrie</span> <span class='ocrx_word' id='word_1_279' title='bbox 594 3830 623 3860; x_wconf 88' lang='lat' dir='ltr'>en</span> <span class='ocrx_word' id='word_1_280' title='bbox 637 3816 772 3862; x_wconf 85' lang='lat' dir='ltr'>nombreux</span> <span class='ocrx_word' id='word_1_281' title='bbox 788 3813 906 3874; x_wconf 69' lang='lat' dir='ltr'>eutrotia,</span> 
     </span>
    </p>

    <p class='ocr_par' dir='ltr' id='par_1_35' title="bbox 136 3878 805 3943">
     <span class='ocr_line' id='line_1_46' title="bbox 136 3878 805 3943; baseline 0.004 -20"><span class='ocrx_word' id='word_1_282' title='bbox 136 3879 198 3925; x_wconf 88' lang='lat' dir='ltr'>siout</span> <span class='ocrx_word' id='word_1_283' title='bbox 213 3878 271 3925; x_wconf 86' lang='lat' dir='ltr'>dicit</span> <span class='ocrx_word' id='word_1_284' title='bbox 280 3878 330 3931; x_wconf 79' lang='lat' dir='ltr'>hio.</span> <span class='ocrx_word' id='word_1_285' title='bbox 518 3895 610 3926; x_wconf 87' lang='lat' dir='ltr'>comme</span> <span class='ocrx_word' id='word_1_286' title='bbox 620 3881 637 3927; x_wconf 91' lang='lat' dir='ltr'>il</span> <span class='ocrx_word' id='word_1_287' title='bbox 649 3896 676 3926; x_wconf 87' lang='lat' dir='ltr'>sn</span> <span class='ocrx_word' id='word_1_288' title='bbox 690 3881 756 3943; x_wconf 87' lang='lat' dir='ltr'>parle</span> <span class='ocrx_word' id='word_1_289' title='bbox 766 3880 805 3937; x_wconf 87' lang='lat' dir='ltr'>ici,</span> 
     </span>
    </p>

    <p class='ocr_par' dir='ltr' id='par_1_36' title="bbox 136 3944 924 4076">
     <span class='ocr_line' id='line_1_47' title="bbox 136 3944 924 4003; baseline 0.004 -13"><span class='ocrx_word' id='word_1_290' title='bbox 136 3945 194 3991; x_wconf 89' lang='lat' dir='ltr'>satis</span> <span class='ocrx_word' id='word_1_291' title='bbox 207 3944 300 3992; x_wconf 80' lang='lat' dir='ltr'>fortiter</span> <span class='ocrx_word' id='word_1_292' title='bbox 311 3945 340 3992; x_wconf 86' lang='lat' dir='ltr'>de</span> <span class='ocrx_word' id='word_1_293' title='bbox 350 3944 438 4002; x_wconf 80' lang='lat' dir='ltr'>dolore,</span> <span class='ocrx_word' id='word_1_294' title='bbox 518 3961 582 3993; x_wconf 80' lang='lat' dir='ltr'>assez</span> <span class='ocrx_word' id='word_1_295' title='bbox 592 3948 719 3993; x_wconf 84' lang='lat' dir='ltr'>fortement</span> <span class='ocrx_word' id='word_1_296' title='bbox 729 3961 770 3992; x_wconf 89' lang='lat' dir='ltr'>sur</span> <span class='ocrx_word' id='word_1_297' title='bbox 779 3945 804 3992; x_wconf 88' lang='lat' dir='ltr'>ls</span> <span class='ocrx_word' id='word_1_298' title='bbox 815 3944 924 4003; x_wconf 78' lang='lat' dir='ltr'>doulsur,</span> 
     </span>
     <span class='ocr_line' id='line_1_48' title="bbox 139 4009 709 4076; baseline -0.002 -15"><span class='ocrx_word' id='word_1_299' title='bbox 139 4022 215 4061; x_wconf 78' lang='lat' dir='ltr'>tamen</span> <span class='ocrx_word' id='word_1_300' title='bbox 227 4009 252 4057; x_wconf 93' lang='lat' dir='ltr'>id</span> <span class='ocrx_word' id='word_1_301' title='bbox 519 4011 653 4076; x_wconf 83' lang='lat' dir='ltr'>oependnnt</span> <span class='ocrx_word' id='word_1_302' title='bbox 661 4027 709 4060; x_wconf 84' lang='lat' dir='ltr'>oeci</span> 
     </span>
    </p>
   </div>
   <div class='ocr_carea' id='block_1_3' title="bbox 0 0 1251 4694">
    <p class='ocr_par' dir='ltr' id='par_1_37' title="bbox 0 0 1251 4694">
     <span class='ocr_line' id='line_1_49' title="bbox 0 0 1251 4694; baseline 0 0"><span class='ocrx_word' id='word_1_303' title='bbox 0 0 1251 4694; x_wconf 95' lang='lat' dir='ltr'> </span> 
     </span>
    </p>
   </div>
  </div>
 </body>
</html>
