2474 4694
402 841 613 898 usstiureins,
637 840 722 886 unm
743 840 787 886 m.
1000 831 1059 893 tte

131 962 154 1003 et
167 954 242 1017 copies
254 943 407 1018 singulorum

131 1033 189 1069 sunt
199 1021 289 1069 divitius
304 1023 420 1069 oivitnsis.

132 1087 232 1135 Festum
244 1086 367 1150 Sossvoloe,

132 1151 161 1199 ie
176 1168 224 1216 quo
234 1153 285 1201 dixi
296 1155 368 1217 paulo
381 1162 448 1215 unte,

131 1227 210 1282 potest
221 1221 289 1267 nullo
300 1220 372 1268 modo

133 1288 226 1348 placere
238 1286 304 1334 huiu.

133 1351 228 1400 Etenim
240 1353 338 1401 omniuo

132 1430 206 1478 neget
218 1425 314 1465 tuntum

132 1499 157 1530 se
169 1483 289 1531 sucturum

131 1565 206 1597 ceusu
218 1549 255 1596 sui
273 1548 407 1612 compendii

132 1617 196 1677 quod
208 1631 256 1663 non
267 1618 346 1664 licest.

131 1682 183 1730 Neo
199 1684 307 1729 maxims
322 1684 376 1729 leus

131 1764 177 1795 neo
188 1750 270 1812 gratis

132 1814 262 1862 tribuenda
274 1823 310 1862 est
320 1814 388 1862 huiu.

131 1880 188 1940 Sed,
202 1881 252 1928 sies
264 1888 289 1928 st
299 1879 423 1929 simulatio

131 1955 155 1994 et
166 1946 328 1995 dissimulatio

131 2021 169 2060 est
179 2013 250 2060 dolus
261 2015 350 2070 mulus,

132 2093 258 2141 perpauca
269 2095 308 2127 res
320 2088 378 2129 snut

132 2144 157 2190 in
173 2147 261 2207 quibus
272 2148 316 2193 iete
326 2147 397 2194 dolns
409 2148 488 2195 mulus

132 2225 182 2257 non
201 2222 320 2267 usmetun

131 2278 184 2324 sive
195 2279 234 2324 vir
245 2278 367 2327 bonusest
379 2279 399 2326 is

131 2343 276 2405 quiprodest

132 2409 223 2470 quibus
235 2417 320 2471 potest.

132 2484 204 2522 nocet
215 2477 319 2532 nemini,

131 2550 196 2588 certe
203 2556 252 2589 nou
262 2543 408 2606 reperiemus
419 2542 489 2589 iscile

131 2608 207 2654 istum
222 2608 302 2655 sirum
312 2609 412 2656 bonum.

166 2673 297 2736 Nunquam
307 2677 383 2736 igitur

130 2748 167 2787 sst
180 2741 240 2787 utils
250 2755 356 2803 mesre,

131 2806 190 2866 quin
202 2821 296 2869 semper
311 2816 350 2854 est
362 2813 444 2868 turpe3

130 2878 164 2928 et,
177 2872 235 2934 quis
245 2887 338 2935 semper

131 2946 169 2983 est
178 2938 307 2986 honustum

130 3018 182 3050 esse
192 3005 270 3052 virum
283 3005 384 3063 bonnm,

131 3079 168 3116 est
177 3085 270 3133 semper
286 3072 354 3119 utile.

165 3135 234 3184 xvt.
248 3140 284 3184 Ao
294 3138 390 3199 quidem

131 3199 161 3247 de
176 3200 232 3263 jure
245 3205 391 3265 prediorum

130 3270 251 3316 sancitum
263 3276 299 3317 est
307 3270 370 3333 opud
380 3283 423 3317 nos

129 3350 186 3395 Jure
197 3336 271 3391 civili,

131 3402 193 3447 utin
206 3401 339 3450 vendendis
351 3402 390 3449 his

132 3468 192 3513 vitiu

131 3546 186 3593 qun·
197 3539 278 3580 essent
296 3540 355 3582 notu
367 3532 487 3580 venditori

131 3598 277 3646 dicerentur.

130 3663 194 3710 Nem
207 3680 282 3726 quum
296 3675 359 3712 esset
371 3666 431 3713 satis

131 3745 161 3776 ex
172 3729 299 3778 duodecim
310 3732 400 3779 tubulis

131 3811 160 3842 eu
172 3812 226 3858 quae
241 3806 384 3861 nuncupato
395 3806 473 3845 essent

131 3862 219 3925 lingue

132 3932 253 3990 praestnri.

131 4011 185 4058 quse
198 3996 239 4059 qni
251 3995 369 4046 iufltistus
380 4003 442 4043 esset

513 961 538 1002 st
549 955 583 1002 lss
596 953 664 1002 biens
677 951 719 1001 des
729 953 879 1017 pertiuulierr

513 1029 569 1068 sont
579 1021 614 1068 les
623 1019 738 1068 richesses
749 1019 778 1068 ds
790 1020 814 1067 le
824 1022 881 1072 eise.

513 1086 547 1135 Le
558 1087 615 1134 treit
626 1087 656 1135 ds
664 1085 773 1146 Servon,

514 1152 602 1215 duqusl
613 1152 655 1216 j'si
666 1152 733 1215 perid
745 1167 790 1215 peu
805 1167 966 1221 uuporuvsnt,

515 1235 543 1266 ns
552 1228 609 1282 peut
621 1219 740 1266 d'suuuus
754 1219 825 1279 isqou

514 1286 591 1348 pleirs
602 1287 618 1332 δ
628 1285 734 1333 uolui-oi.

514 1351 550 1401 En
561 1350 617 1399 silet
627 1357 799 1400 somme-toute

514 1419 533 1465 il
546 1418 586 1464 nie
598 1417 731 1465 seulement

514 1484 642 1531 lui-meme
656 1484 738 1532 devoir
750 1484 812 1534 inire

514 1565 543 1597 sn
556 1564 601 1597 rue
612 1549 694 1597 deson
706 1550 779 1612 proiit

515 1617 589 1679 oeqni
601 1616 829 1680 nestun-permis.

514 1681 546 1730 Ni
560 1697 608 1730 uns
618 1683 774 1745 tres-gundo
791 1684 896 1744 louuugs

515 1749 541 1795 ni
554 1763 602 1795 une
613 1750 757 1809 tris-arunde
765 1750 966 1798 reconnaisssnss

515 1829 545 1861 ue
556 1813 606 1862 doit
616 1817 667 1863 utre
677 1816 791 1863 uuuordde
801 1816 816 1862 is
825 1815 933 1863 oslnl-oi.

514 1879 587 1939 Meis,
600 1881 647 1930 soit
656 1894 704 1944 qus
714 1890 738 1929 st
754 1881 780 1930 lu
794 1880 868 1930 tsinu

515 1955 538 1994 st
548 1946 573 1993 ls
584 1945 763 1996 dissimulsrton

515 2013 563 2060 soit
577 2029 610 2060 un
626 2013 667 2061 dol
677 2013 801 2074 uidebant,

514 2078 544 2127 ds
554 2081 826 2143 tros-peumombrsusss
839 2077 922 2128 olrosss
934 2087 990 2128 sont

514 2144 575 2192 deus
586 2145 712 2208 lesquelles
720 2161 748 2194 os
758 2144 799 2193 dol
809 2147 918 2194 msuveis

513 2226 544 2258 ne
556 2226 581 2258 ss
591 2219 674 2260 trouve
686 2226 748 2274 μη

514 2278 560 2324 soit
568 2292 615 2338 qus
626 2276 741 2325 l'homms
752 2276 853 2326 ds-bisn
864 2277 911 2326 soit
921 2275 985 2326 oslul

514 2343 556 2405 qui
566 2344 673 2391 est-utils

514 2412 530 2456 d
543 2422 601 2455 cesso
618 2410 634 2456 t
645 2407 689 2472 qul
700 2407 719 2456 il
730 2417 788 2471 peut
798 2412 869 2468 Pars,

514 2483 535 2521 st
544 2489 572 2521 us
585 2475 640 2522 nuit
653 2480 668 2522 's
679 2489 805 2538 personne,

514 2551 589 2588 cortes
599 2557 661 2588 nous
672 2556 703 2589 ue
713 2548 855 2590 trouvsrous
866 2556 908 2604 pus
918 2539 1054 2590 fsoilsnsns

515 2618 552 2653 cet
562 2607 658 2655 homme
670 2606 776 2654 dubieu.

547 2672 642 2721 demnis
652 2672 716 2721 douo

515 2739 532 2785 il
543 2740 606 2787 u'est
616 2739 677 2787 utils
687 2737 717 2786 de
728 2737 861 2794 mul-inire.

515 2820 585 2866 poree
595 2820 641 2867 qus
653 2804 765 2868 toujours
776 2806 833 2851 u'est
843 2804 965 2852 lontenx:

514 2880 547 2925 et,
561 2886 631 2933 puros
642 2885 689 2933 qus
702 2869 813 2933 toujours

514 2937 531 2982 il
545 2944 582 2985 est
591 2936 696 2985 honnets

514 3001 588 3051 d'etrs
598 3003 695 3052 homme
705 3000 813 3053 ds-bisu·

515 3075 564 3117 cela
576 3077 612 3117 est
623 3070 734 3132 tonjours
747 3069 816 3116 utils.

548 3135 607 3185 XVI
619 3135 651 3184 Et
661 3144 737 3184 uerter

514 3218 556 3251 sur
567 3203 590 3251 le
600 3202 664 3250 droit
674 3202 715 3250 des
727 3199 880 3248 bisussonds

513 3269 532 3316 il
543 3285 558 3316 ι
568 3271 606 3316 ese
615 3269 757 3316 sunctiouue
767 3266 825 3315 eheu
834 3280 895 3314 nous

514 3350 558 3397 per
567 3337 589 3384 ls
601 3335 666 3383 droit
675 3334 743 3394 oisil,

514 3403 584 3464 qu’sn
600 3402 705 3449 vendent
712 3415 751 3448 oss
762 3403 822 3448 uim

512 3468 546 3516 les
556 3468 650 3515 delnuts

514 3534 556 3596 qui
567 3536 673 3582 seruieut
685 3547 779 3582 munus
792 3546 824 3579 uu
838 3531 944 3580 rendeur

515 3601 619 3648 seruiens
629 3600 686 3647 dits.

514 3666 561 3715 Cer
568 3669 672 3729 quoique
685 3680 709 3712 cs
720 3665 828 3712 isstssser

515 3733 608 3795 d'upres
620 3732 655 3780 les
664 3732 739 3779 douss
750 3730 838 3779 Tables

514 3814 554 3847 ces
566 3800 649 3846 uhosss
662 3799 703 3860 qni
716 3799 813 3844 uenient
822 3796 860 3842 site
874 3793 992 3843 ddeluries

515 3867 544 3913 de
554 3865 645 3926 lsngne
655 3864 694 3927 (de
706 3867 758 3911 vitu
770 3863 836 3924 voix)

515 3936 564 3978 etro
576 3931 705 3993 geruntius,

516 3998 640 4059 lesquelles
650 3996 711 4044 celui
727 3995 768 4058 qui
780 3993 936 4044 inistentes·

900 4072 935 4124 ³3
