2474 4694
403 818 457 862 nus
475 819 613 876 naturus,
630 822 719 867 atvar:
739 822 777 868 nt
1000 813 1056 868 “467

136 935 199 984 nihil
208 936 365 1000 expetendum
374 953 424 986 eaeo
516 939 568 988 rien
579 954 610 988 ne
620 937 701 988 devoir
713 940 762 989 &re
774 937 900 988 recherebd

135 1011 231 1066 propter
247 1019 280 1062 ee,
516 1020 576 1066 pour
591 1006 725 1065 lui-mdme,

136 1079 223 1132 praeter
238 1071 264 1117 id
379 1092 384 1103 ·
516 1074 613 1135 exeeptd
624 1075 678 1121 cele

135 1136 200 1198 quod
215 1137 245 1184 eit
256 1137 391 1185 honestum.
516 1139 557 1199 qui
568 1147 604 1186 eet
613 1138 726 1188 bonnete.

134 1202 176 1251 Sin
188 1202 290 1251 hocuon
301 1205 357 1252 lieet
515 1203 609 1253 Maiori
621 1206 744 1254 celen’eet
755 1219 798 1268 pne
807 1203 897 1268 parmi·

135 1285 176 1333 per
189 1269 340 1333 Cratippum,
513 1285 557 1332 par
570 1271 692 1336 Cratippe,
988 1266 1058 1333 [celo.

134 1345 161 1382 at
172 1337 310 1384 certedabie
320 1335 392 1394 iliud,
515 1338 577 1384 maie
590 1337 624 1386 du
636 1339 715 1386 moine
726 1345 754 1386 tu
765 1336 886 1385 donneru
898 1335 1059 1398 (aneorderne)

133 1402 198 1465 quod
212 1404 244 1450 eit
254 1402 381 1451 honeetum
515 1417 542 1450 oe
553 1404 595 1465 qui
605 1410 641 1452 eet
648 1404 753 1452 honnete

133 1470 292 1531 expetendum
299 1474 450 1533 eaeepropter
457 1482 490 1515 ae.
515 1467 597 1517 devoir
606 1472 657 1519 taire
668 1469 795 1521 reoberohd
806 1484 867 1532 pour
877 1468 1011 1520 lui-mente.

133 1536 262 1584 Utrumvie
515 1535 886 1601 celui-doedeux-quean-veux

133 1611 170 1649 eat
179 1602 237 1648 eatis
252 1602 325 1658 mitra
516 1609 551 1649 eet
563 1617 628 1650 naen
639 1619 701 1667 pour
709 1604 771 1661 inuit

132 1677 157 1716 et
168 1684 241 1730 quum
258 1670 312 1727 boe,
516 1679 539 1716 at
552 1669 755 1734 d'nuopnrtoette
765 1669 874 1719 ebone-oi
886 1671 1041 1730 adprobabit,

133 1744 185 1782 tum
198 1735 263 1783 illud
515 1734 678 1799 duone-part
686 1743 747 1785 cetto
758 1736 871 1785 onore-le

133 1802 228 1849 videtur
239 1802 395 1864 probabilius.
515 1807 594 1864 paruit
606 1803 660 1866 plne
671 1803 795 1867 probabie,

133 1883 177 1915 neo
188 1868 319 1931 quidquam
334 1868 457 1930 probabile
513 1878 538 1916 et
549 1870 600 1917 rien
613 1869 642 1916 de
651 1870 766 1934 probable

134 1943 259 1997 praeterea.
514 1937 658 1985 outre-oola.

165 2000 202 2049 Ao
214 2007 318 2064 primum
331 2001 456 2049 Punaetiue
547 2001 579 2051 Et
595 2003 696 2052 d'abord
708 2001 824 2052 Pendtine

132 2067 296 2116 defendendus
305 2077 342 2115 est
351 2068 376 2114 in
389 2067 444 2123 hoo,
515 2068 569 2116 doit
578 2073 628 2117 dire
642 2069 745 2118 desendu
755 2086 797 2118 eur
807 2069 866 2127 oeci,

132 2134 197 2195 quod
207 2150 256 2182 non
268 2134 357 2181 dixerit
514 2135 575 2195 qu’il
589 2136 631 2184 n'a
642 2152 685 2199 pae
697 2137 734 2186 dit

133 2201 205 2247 utilia
217 2216 285 2264 poeee
294 2199 427 2262 aliquando
514 2201 548 2249 lea
563 2201 647 2250 ohoeee
657 2204 728 2251 utilee
739 2203 841 2266 pouvoir
851 2201 1001 2265 quetqnasoie

132 2283 241 2330 pugnare
251 2282 306 2315 oum
319 2267 427 2315 honestis
515 2266 588 2316 latter
602 2283 658 2316 aveo
669 2270 704 2316 lea
714 2269 798 2318 ohoeee
810 2268 926 2316 honnetee

133 2343 220 2395 {neque
231 2333 297 2382 onim
308 2342 360 2382 erat
369 2333 407 2381 ine
416 2334 457 2396 ei),
515 2335 548 2394 (et
559 2349 588 2382 en
598 2334 654 2382 effet
662 2339 710 2383 orio
723 2335 809 2384 n'dtait
822 2350 866 2397 pne
877 2336 966 2397 permis
977 2335 1054 2396 diui),

132 2400 173 2447 aed
188 2415 216 2447 ea
514 2401 717 2449 maieoeaoboeee

132 2482 186 2514 aute
198 2466 336 2516 uiderentur
348 2467 427 2515 utilia.
514 2467 555 2527 qui
571 2468 731 2529 parniesuient
744 2468 824 2516 utiloe.

131 2534 199 2595 Saepe
212 2549 266 2582 vero
279 2542 381 2582 tentatur
514 2532 576 2581 Maia
587 2542 688 2583 nouvent
698 2535 716 2582 it
728 2534 820 2582 affirmo

132 2600 193 2646 nihil
207 2601 273 2655 utile.
514 2601 565 2647 rien
580 2604 650 2647 a'ttre
662 2601 731 2658 utile,
929 2599 1056 2660 [bonnetea

131 2667 195 2728 quod
208 2682 257 2713 non
268 2667 333 2714 idem
345 2667 482 2723 honestum.
514 2665 555 2728 qui
573 2681 603 2714 ne
620 2671 664 2714 enit
684 2668 707 2715 le
724 2670 802 2715 meme
815 2666 854 2730 (en
873 2669 951 2714 mame
970 2671 1058 2731 tempe)

114 2757 117 2763 ·
131 2734 194 2780 nihil
208 2732 345 2790 honoetum,
514 2732 690 2790 dennutiatur,
975 2735 1055 2794 [utitor

130 2799 196 2861 quod
210 2798 374 2847 noueitidem
388 2799 461 2847 utile:
514 2799 555 2860 qui
573 2813 603 2846 ne
627 2799 674 2847 enit
694 2800 717 2846 le
734 2803 810 2847 meme
828 2800 867 2862 (en
885 2803 962 2848 meme
979 2808 1056 2857 temon

131 2873 252 2927 negatque
513 2878 536 2912 ot
548 2865 566 2912 il
577 2865 617 2913 nie

131 2933 207 2978 ullam
220 2939 309 2994 pestem
321 2932 437 2993 majorem
513 2947 592 2979 auoun
606 2931 669 2979 fleon
683 2932 738 2994 plue
750 2933 829 2997 grand

97 3003 100 3007 ’
131 2999 249 3045 inveniere
514 3000 582 3046 avoir
598 2998 768 3047 fait-invasion

131 3066 157 3111 in
175 3066 249 3112 vitam
266 3065 402 3116 bominum.
514 3065 575 3112 dane
587 3065 611 3111 le
623 3066 661 3114 vie
671 3063 713 3113 dee
726 3065 844 3124 hemmae,

130 3146 202 3192 quam
216 3132 353 3193 opinionem
364 3146 447 3178 eorum
514 3146 559 3193 que
570 3131 688 3194 l'opiuion
697 3131 726 3178 da
735 3149 795 3180 ceux

131 3198 173 3258 qui
185 3197 343 3246 distraxerint
355 3200 409 3245 ieta.
514 3200 554 3258 qui
567 3207 610 3246 ont
622 3200 704 3262 adpard
716 3214 754 3246 oen
766 3198 856 3247 choree.

131 3263 224 3325 Itaque,
513 3265 719 3327 C’oet-ponrquoi,

132 3347 180 3377 nou
193 3330 364 3394 utaliquando
515 3345 563 3378 uon
577 3347 638 3393 pour
647 3346 693 3394 que
705 3331 854 3394 quelqueioie

130 3403 330 3459 anteponeremus
340 3396 411 3444 utilia
515 3412 575 3444 noue
587 3398 761 3460 pre'sdraeeione
774 3399 808 3445 les
823 3397 907 3446 ohoeee
920 3397 991 3446 utile·

130 3463 247 3520 boneetie,
514 3478 563 3509 aux
578 3463 663 3512 ohoeee
677 3463 804 3524 honnetee,

129 3529 171 3576 red
183 3539 209 3577 ut
221 3530 409 3592 dijudicaremus
420 3544 448 3576 oa
514 3528 574 3576 maia
586 3546 647 3593 pour
662 3545 708 3593 que
720 3546 781 3580 noue
795 3531 984 3580 diaoernnaeionr
998 3528 1057 3577 ello·

130 3611 184 3643 erne
195 3612 286 3655 errore,
513 3612 570 3644 eane
584 3612 676 3656 erreur,

130 3664 150 3709 ei
164 3663 262 3724 quaudo
274 3663 423 3720 inuidissout,
514 3664 533 3709 ei
546 3662 637 3725 parsoie
645 3664 704 3711 ellae
716 3663 826 3711 e'dtaient
836 3665 976 3728 presentior,

129 3728 288 3777 induxiteom
299 3731 485 3793 repugnantium
513 3729 531 3775 il
545 3744 559 3775 a
572 3730 691 3778 introduit
703 3738 764 3778 nette
775 3731 909 3794 opponition

130 3810 185 3857 quae
199 3796 320 3844 videretur
335 3812 395 3851 esee.
512 3797 554 3857 qni
566 3798 744 3859 paimoniam,

129 3878 178 3909 non
190 3876 244 3924 quie
255 3871 324 3910 eeeet.
514 3877 562 3910 non
574 3864 616 3925 qui
626 3864 722 3911 existit.

128 3927 288 3991 Explebimue
298 3930 375 3992 igitur
512 3927 580 3977 Noua
594 3930 750 3992 auppiderone
763 3931 826 3978 dono

129 3996 194 4044 hitno
206 4002 296 4057 partem
312 3995 429 4050 relicum.
512 4003 573 4043 cette
588 3998 663 4059 partio
677 3997 770 4048 deiende.
