2474 4694
411 725 464 770 oss
485 724 622 781 perotus,
646 727 729 770 ιιιίιι
752 728 793 771 ιιι.
1002 711 1060 770 543

140 839 246 890 habebnt
259 853 353 903 semper
366 839 391 888 iu
404 854 445 888 ore

136 921 221 956 versus
231 906 330 956 Grecos
343 905 467 970 Euripidis

138 973 169 1021 de
184 972 327 1029 Phoenissis,

136 1055 199 1101 quos
211 1039 290 1088 dicem
301 1047 328 1086 ut
337 1047 428 1103 potero,

138 1105 262 1154 incondite
274 1106 384 1163 tortasse.

137 1172 181 1219 sed
194 1181 274 1220 temen
284 1180 312 1220 ut
323 1188 361 1220 res

136 1240 214 1302 possit
226 1239 332 1302 intelligi
344 1255 350 1284 ι

140 1325 150 1347 ι
167 1305 238 1359 Nem.
251 1305 270 1352 si
286 1305 329 1366 jus

138 1369 281 1418 violandum
298 1379 343 1427 est,

137 1438 280 1484 violandum
294 1444 330 1485 est

136 1506 217 1565 gretie
228 1503 360 1566 regnsudi3

136 1571 191 1616 uliis
200 1571 271 1617 rebus
282 1571 347 1618 coles
354 1571 492 1634 pietatem.»

138 1636 247 1684 Eteocles
259 1638 382 1699 capitulis,

136 1703 175 1748 vol
187 1703 267 1765 potius
280 1703 419 1767 Euripides.

137 1771 180 1829 qui
189 1772 311 1831 exceperit
323 1770 348 1816 id
361 1783 436 1816 unum

136 1834 200 1896 quod
216 1835 295 1883 fueret

136 1901 351 1949 scelerstissimum
364 1895 482 1948 omniurn.

135 1966 201 2027 Quid
217 1968 294 2030 igitur
310 1967 449 2030 colligimus

136 2035 242 2093 minute,

135 2099 291 2161 hereditates,
305 2107 463 2157 mercaturos,

135 2166 286 2214 venditiones
309 2162 491 2215 fraudulentus?

136 2232 197 2280 Ecce
209 2233 253 2280 tibi

135 2300 176 2359 qui
188 2299 337 2363 concupierit
347 2315 397 2348 esse
407 2312 450 2347 rex

136 2366 220 2427 populi
234 2365 336 2414 Romani

136 2433 297 2494 dominusque

134 2498 243 2546 omnium
257 2499 375 2561 gentium,

134 2564 348 2626 perfeceritqueid.

134 2630 159 2678 Si
174 2632 229 2691 quis
239 2631 298 2678 dicit

134 2697 197 2743 huuc
210 2696 364 2760 cupiditatem

133 2777 185 2809 esse
196 2763 331 2816 honestem.

133 2838 169 2876 est
184 2843 275 2875 eroeus.

137 2895 228 2942 Probet
239 2895 303 2942 cuim
313 2895 438 2943 interitum

132 2962 215 3024 legum
231 2969 254 3008 et
262 2962 389 3016 libcrtetie,

133 3037 247 3090 putetque
260 3028 390 3092 gloriosum

133 3095 312 3156 oppressionem
323 3109 414 3146 cerum.

133 3172 218 3207 tetrum
236 3168 259 3207 et
271 3161 446 3207 detestabilem.

133 3227 180 3285 Qui
193 3234 272 3274 eutem
284 3226 373 3273 letetur

132 3309 181 3339 non
192 3308 242 3339 esse
254 3293 382 3341 honestum

131 3375 232 3420 regnare
244 3361 269 3406 in
281 3376 310 3406 cn
320 3360 426 3413 civitate,

130 3441 185 3486 quse
198 3426 246 3473 suit
256 3427 332 3473 libera

130 3507 231 3554 qumque
244 3492 329 3539 debeat
341 3507 403 3547 esse,

130 3559 172 3605 sed
183 3574 233 3605 esse
246 3560 304 3606 utile

129 3626 151 3670 ei
165 3627 205 3687 qui
219 3627 294 3685 possit
307 3626 382 3671 lucere
395 3623 428 3679 id,

129 3693 354 3756 quuobjurgutione

130 3765 172 3803 uut
182 3759 261 3819 potius
273 3774 320 3819 quo
335 3757 442 3803 convitio

130 3838 201 3870 norror
212 3825 314 3870 avellere
327 3823 393 3870 huuc

128 3908 143 3936 n
159 3902 226 3938 :suto
239 3888 339 3938 errore?

524 842 590 889 evrit
601 841 712 904 toujours
723 843 738 890 ὶ
750 841 776 890 le
787 841 882 892 bouchs

522 923 562 955 ces
571 923 623 955 vers
634 923 703 971 grece
713 906 854 972 d‘Euripide

523 976 577 1021 τινὰ
589 974 630 1021 des
642 973 823 1037 Phenicicuues,

522 1055 568 1102 que
577 1039 603 1102 je
613 1040 674 1088 direi
687 1055 780 1089 comme
789 1041 814 1104 je
824 1041 937 1105 pourrsi,

522 1111 769 1170 sens-ermenteus,

522 1175 583 1220 meis
595 1172 731 1235 cepeudsnt
746 1173 919 1237 de-icpououe
927 1173 951 1221 le
962 1171 1034 1221 chose

521 1240 602 1302 puisse
614 1241 664 1287 etre
675 1241 808 1302 comprise:

523 1325 535 1349 e
549 1307 605 1367 Cur,
616 1306 637 1353 si
649 1307 672 1354 le
686 1307 750 1354 droit

522 1371 573 1419 doit
587 1377 637 1419 etro
646 1371 717 1428 viole.

520 1437 539 1484 il
552 1437 603 1486 doit
613 1442 664 1486 etre
675 1440 737 1487 viole

521 1518 550 1550 eu
564 1505 760 1566 vuederegnert

522 1569 583 1636 dens
594 1570 629 1618 les
644 1581 724 1618 autres
736 1571 830 1629 choses,
840 1570 938 1617 observo
947 1568 1061 1633 optetur

520 1636 618 1684 Eteocle
628 1647 661 1684 est
672 1637 833 1696 continebis,

521 1717 553 1749 on
568 1703 647 1765 plutdt
658 1702 782 1766 Euripide,

520 1768 562 1830 qui
579 1783 594 1816 ι
603 1771 702 1831 excepto
711 1780 772 1818 cette
783 1768 855 1817 chose
864 1769 930 1816 scole

520 1835 561 1897 qui
573 1835 640 1882 nvait
655 1837 693 1883 tite

520 1901 545 1948 lu
556 1900 610 1963 plus
624 1900 759 1949 crimiuellc
771 1901 899 1949 detenter.

520 1966 642 2030 Pourquoi
657 1968 719 2015 dono
735 1968 971 2017 resscmblous-uous
996 1988 999 1995 ·

520 2033 550 2081 ds
562 2049 660 2081 menues
673 2033 765 2091 choses,

520 2099 562 2147 des
575 2100 706 2164 heriteges,
716 2100 758 2147 des
771 2099 864 2160 achate,

519 2164 560 2213 des
574 2176 654 2214 ventes
666 2165 854 2214 fraudulentos?

519 2231 591 2279 Voioi
603 2233 660 2279 lutoi
673 2248 705 2279 ιιιι
717 2235 803 2280 homme

519 2300 560 2360 qui
573 2313 588 2344 ι
597 2297 674 2346 dc'sire
685 2301 735 2346 etre
746 2301 782 2346 roi

519 2364 552 2411 du
564 2366 649 2427 peuple
661 2365 755 2413 romain

520 2439 544 2477 et
554 2435 641 2478 mettre

519 2496 548 2544 de
558 2504 637 2545 toutcs
646 2497 681 2544 les
696 2496 803 2557 nations,

517 2571 542 2610 et
550 2579 566 2611 e
578 2562 693 2626 eccornpli
707 2562 768 2610 cele.

519 2628 544 2678 Si
554 2631 687 2692 quelqu'un
696 2629 732 2676 dit

517 2710 545 2742 ce
558 2696 623 2744 de'sir

517 2765 567 2809 etre
585 2763 697 2816 bonotto,

518 2827 534 2874 il
547 2836 583 2875 eet
594 2829 696 2875 incense.

520 2893 557 2941 Eu
570 2893 626 2941 effet
636 2894 655 2941 il
664 2907 785 2957 epproure
796 2892 820 2939 ls
831 2903 895 2942 mort

517 2958 558 3006 des
568 2960 615 3009 lois
632 2969 655 3008 et
666 2960 696 3008 de
707 2960 731 3006 ln
746 2959 839 3015 liberte,

517 3034 542 3073 et
553 3026 570 3073 il
584 3041 658 3090 pense
668 3027 790 3090 glorieuse

516 3092 673 3156 l’oppressiou
689 3092 779 3142 d'elles.

516 3165 556 3218 qus·
566 3169 596 3207 eet
607 3160 709 3208 elireuse
723 3167 747 3206 et
761 3157 900 3208 detestebls.

516 3225 579 3272 Meis
589 3227 651 3274 celui
659 3228 700 3289 qui
710 3240 786 3272 svoue

516 3305 547 3338 ne
557 3308 599 3355 pes
609 3294 658 3340 etre
670 3293 774 3340 honnetc

516 3356 546 3405 de
555 3360 642 3421 regnet
652 3358 713 3406 dens
725 3367 785 3404 cette
797 3356 853 3416 cite,

516 3426 557 3486 qui
567 3440 582 3471 e
595 3427 632 3472 e'tei
644 3425 705 3473 libre

515 3502 539 3539 et
556 3492 595 3553 qui
610 3491 702 3538 devrnit
713 3493 789 3548 tetre,

515 3557 576 3604 meis
587 3562 635 3604 celo
651 3559 700 3605 etro
711 3561 772 3606 utile

515 3624 529 3669 e
541 3624 603 3671 celui
619 3625 659 3685 qui
672 3626 780 3685 ponrreit
792 3625 851 3673 inire
868 3627 928 3679 coln,

515 3704 558 3751 por
569 3689 647 3750 quelle
658 3691 809 3752 reprimendo

515 3769 545 3801 οιι
559 3755 637 3816 ρΙιιιὸι
649 3772 691 3819 per
709 3759 788 3819 quelle
798 3757 903 3818 querelis·

515 3819 720 3883 rn'ciiorccroie-jc
735 3823 872 3872 d‘urrncher
882 3822 977 3872 colui-ci

515 3888 530 3933 i
541 3902 586 3936 uue
598 3888 726 3952 si-grunde
736 3888 835 3937 crreurl
