2474 4694
222 704 277 764 1st
463 696 466 703 ’
520 702 556 748 ott
576 701 692 750 Oil'lhlls
713 705 797 752 ttatttt
820 707 839 751 1.

215 819 381 887 deserviant,
409 818 474 875 dum
496 820 569 890 quod
590 819 675 876 velint
701 828 913 891 consequantur,
935 829 965 874 ut
988 820 1092 877 Sullam
1112 829 1140 877 et

215 928 251 983 bi.
265 930 391 984 Crassum
406 928 573 984 videbamus.
589 927 650 997 Quo
663 928 691 982 in
705 944 803 998 genere
819 929 1036 984 versutissimum
1053 937 1081 984 et
1091 945 1134 1002 pa·

215 1032 405 1091 tiantissimum
417 1035 648 1091 Lacedaemouium
658 1034 824 1107 Lysandrum
833 1036 840 1065 ¹
849 1035 1016 1105 accepimus;
1029 1043 1139 1090 contre·

216 1155 270 1210 que
284 1138 491 1206 Callicratidam,
504 1140 550 1211 qui
564 1139 709 1211 praelectus
723 1139 803 1195 classi
814 1139 953 1211 proximus
965 1146 1025 1211 post
1034 1141 1140 1212 Lysan-

216 1247 293 1304 drum
310 1248 368 1302 tuit.
382 1248 540 1320 Itemqueio
553 1247 722 1302 sermonibus
734 1246 825 1313 alium,
842 1246 968 1316 quamvis
983 1256 1141 1319 praepotens

216 1352 262 1422 sit,
278 1352 386 1408 efficere
401 1360 430 1407 ut
444 1369 516 1407 unus
530 1353 565 1408 de
579 1352 739 1408 multisesse
752 1351 893 1418 videatur3
910 1352 980 1423 qued
990 1352 1017 1406 in
1032 1354 1138 1417 Catulo,

217 1464 244 1513 et
256 1459 282 1512 in
297 1467 373 1529 patre
387 1466 413 1513 et
424 1459 452 1512 in
465 1457 548 1526 filiu',
561 1459 685 1529 idemque
702 1458 729 1511 in
745 1457 777 1524 Q.
794 1458 882 1512 Mucio
895 1457 1001 1511 Mancia
1014 1458 1138 1512 vidimus¹

216 1564 316 1620 Audivi
340 1581 375 1621 ex
397 1566 544 1635 majoribus
563 1575 628 1620 natu
649 1564 702 1619 hoc
716 1566 785 1619 idem
810 1564 895 1619 luisse
914 1563 941 1618 in
961 1567 991 1621 P.
1016 1565 1141 1636 Scipione

216 1670 331 1736 Nasica;
352 1679 501 1742 contraque
524 1680 628 1743 patrem
646 1673 713 1742 ejus,
738 1671 814 1726 illum
835 1672 880 1741 qui
903 1671 1003 1727 Tiberii
1024 1671 1140 1727 Gracchi

215 1785 329 1834 conatus
343 1778 464 1850 perditos
479 1777 635 1841 vindicavit,
654 1777 756 1831 nullam
770 1779 925 1831 comitatem
941 1777 1068 1833 habuisse
1082 1795 1140 1832 ser-

216 1885 313 1953 monis;
325 1882 897 1954 neXenocratem³quidem,severissimum
909 1884 1139 1957 philosophorum.

216 1990 251 2046 ob
263 2006 377 2061 eamque
396 2007 453 2046 rem
463 1992 551 2061 ipsam
566 2004 692 2060 maguum
705 1971 861 2061 clarumque
875 1990 966 2046 luisse.
980 1993 1140 2048 Innumera-

216 2094 284 2151 biles
304 2095 366 2151 atie
388 2094 628 2151 dissimilitudines
642 2100 706 2149 siant
726 2101 832 2150 naturas
846 2112 1014 2169 merumque,
1030 2098 1141 2155 minime.

217 2208 307 2257 minen
322 2201 573 2274 vituperandorum.

251 2307 346 2364 XXXI
378 2306 529 2363 Admodum
548 2311 639 2362 autem
656 2305 774 2361 tenenda
799 2314 865 2362 sunt
890 2323 938 2362 sua
959 2308 1068 2379 cuique,
1086 2324 1140 2364 non

216 2491 307 2539 service
318 2489 347 2538 da
358 2490 400 2553 qai
412 2490 505 2538 voudrs
519 2507 525 2537 s
541 2489 587 2538 tels
601 2505 662 2538 nous
672 2503 747 2537 arona
763 2504 795 2535 vu
806 2487 840 2536 Μ.
854 2487 963 2544 Crassus,
980 2496 1005 2535 ct
1016 2487 1093 2550 Sylla.
1108 2489 1143 2538 Le

216 2586 406 2635 Laodddmonieu
421 2584 547 2648 Lysandro
560 2601 628 2649 passa
639 2603 700 2650 pour
715 2587 782 2634 avoir
794 2588 831 2633 dta'
844 2585 866 2632 le
880 2586 935 2648 plus
946 2588 1002 2633 rusd
1015 2596 1038 2631 at
1050 2585 1073 2632 le
1084 2587 1141 2648 plue

217 2685 308 2746 patient
319 2683 361 2732 dea
376 2685 521 2747 capitanea
541 2684 720 2741 Callicratidas,
735 2682 776 2747 qui
791 2682 936 2730 commanda
952 2682 976 2729 la
994 2682 1060 2730 llotta
1071 2685 1143 2745 apres

217 2782 263 2843 tsi,
288 2782 347 2829 dtait
366 2781 439 2829 d'una
458 2781 562 2829 humeur
582 2792 649 2831 toute
668 2783 798 2830 contraire.
816 2780 884 2827 Nous
901 2795 993 2842 voyons
1016 2781 1082 2827 aussi
1098 2780 1140 2828 des

217 2880 325 2927 hommes
339 2878 411 2927 d’une
422 2878 514 2941 grande
526 2880 629 2927 autoritd
647 2886 732 2926 mettre
757 2885 810 2925 tant
826 2876 855 2923 de
872 2877 1001 2938 simplicite
1016 2877 1077 2924 daus
1089 2879 1143 2926 leur

217 2976 393 3037 conversation,
406 2976 479 3038 qu’ou
493 2976 528 3022 les
540 2975 666 3038 prendrait
676 2991 736 3037 pour
748 2973 789 3021 das
807 2973 917 3021 lrommes
928 2973 1063 3020 ordinaires
1077 2989 1082 3019 ι
1097 2975 1142 3022 tels

218 3072 300 3121 foreat
308 3075 344 3122 les
355 3075 418 3121 deux
428 3072 542 3132 Catulus,
555 3072 578 3120 le
589 3073 644 3135 pbre
655 3079 678 3120 et
691 3072 713 3119 le
723 3072 769 3128 fils,
786 3079 810 3118 at
822 3070 851 3130 Q.
867 3071 962 3118 Mucius
975 3071 1080 3120 Mancia.
1091 3073 1143 3121 Noa

217 3171 316 3219 ancisus
337 3172 416 3219 m'ont
429 3173 529 3220 racontd
549 3172 574 3219 la
590 3173 667 3218 meme
679 3169 751 3217 chose
770 3168 799 3216 de
817 3169 845 3215 P.
862 3167 958 3230 Scipion
982 3167 1080 3215 Nasica.
1102 3171 1141 3215 Aa

219 3269 339 3316 contraire
351 3283 395 3316 sen
408 3269 472 3331 plere,
495 3269 536 3330 qui
559 3282 655 3330 vonges
666 3266 691 3313 la
703 3265 845 3327 republique
859 3263 900 3310 des
915 3252 1030 3309 attentata
1044 3261 1073 3309 de
1084 3262 1140 3310 Ti'o.

218 3365 350 3426 Graoehus,
367 3367 459 3416 u'svait
469 3381 564 3414 aucune
580 3364 698 3412 affabilitd
710 3363 770 3410 dana
781 3363 806 3410 la
817 3362 1000 3418 conversatiou;
1019 3376 1050 3409 on
1062 3376 1091 3408 an
1105 3361 1141 3411 ‹lit

218 3469 304 3512 autaut
322 3463 352 3511 da
370 3465 514 3520 Xenocrate,
528 3464 551 3511 le
568 3464 622 3526 plus
634 3462 714 3510 severa
725 3461 766 3508 des
780 3459 940 3523 philosopher,
956 3460 1008 3522 qui,
1025 3469 1141 3521 parcetis

218 3560 319 3610 sciverit&
331 3564 417 3621 mtme,
439 3577 464 3610 sa
480 3560 507 3609 fit
528 3577 575 3608 une
598 3559 691 3624 grande
711 3560 859 3622 reputation.
876 3556 913 3606 On
934 3565 990 3621 peut
1003 3572 1141 3619 remarquur

218 3673 304 3708 ancora
315 3661 392 3724 parmi
405 3659 439 3708 las
455 3659 564 3708 hommes
574 3675 621 3706 une
632 3658 727 3706 infinita
738 3658 767 3706 de
787 3659 920 3706 caracteres
936 3654 1069 3712 differente,
1081 3654 1140 3702 dent

218 3755 236 3803 ll
248 3756 290 3819 n'y
299 3770 315 3803 a
326 3772 406 3806 aucun
417 3771 464 3821 que
475 3757 525 3804 l'ou
536 3757 616 3819 puisse
631 3757 790 3804 cendamncr.

251 3852 343 3902 XXXI.
362 3853 387 3903 st
397 3855 447 3903 l'ou
459 3862 516 3903 veut
531 3853 593 3901 dono
605 3854 751 3903 atteindre'a
768 3861 829 3903 cette
842 3852 983 3901 biaasianca
999 3851 1057 3900 dont
1079 3865 1139 3899 noue
