2364 4634
354 629 564 689 unanimus,
586 632 671 678 livua
693 632 713 678 t.
935 621 995 681 223

59 750 88 799 de
98 764 154 815 qno
164 746 280 797 diximus
292 754 357 807 ante,

58 831 104 865 aee
117 814 240 881 progredi
253 814 362 878 longina.

58 883 159 931 Horum
170 882 249 930 trium
261 890 343 929 tumen

57 946 295 1014 pratentiuimum
311 955 348 997 eat

58 1017 202 1080 appetitum

57 1086 233 1146 obtorpuere
241 1080 339 1130 rutioni.

92 1148 149 1199 xl„
168 1147 289 1211 Deinoepa

58 1214 197 1264 dicendum
211 1222 249 1262 eat

58 1280 91 1331 tle
102 1280 193 1329 ordine
208 1296 291 1329 rernm

57 1362 83 1397 et
94 1348 282 1412 opportunitate

58 1425 212 1477 temporum.

58 1482 115 1530 1120
127 1488 212 1529 autem
225 1480 327 1529 scientia

57 1547 207 1596 continetur

58 1630 91 1662 ea
103 1627 181 1678 qaum
191 1612 270 1662 Greci

59 1680 198 1729 nominant
207 1679 326 1738 ὠκεῖαν,

60 1763 114 1795 non
128 1747 183 1794 hmo

59 1828 139 1876 quam
155 1813 341 1875 interpretamur

60 1879 210 1927 modoetiam
221 1895 228 1935 ς

60 1948 89 1994 in
104 1942 331 2010 quoverhomodua
345 1942 420 1991 lueet:

60 2012 107 2060 ned
119 2012 168 2060 illa
183 2011 278 2068 ιύταξὶα
288 2015 325 2056 eal

61 2081 87 2126 in
100 2093 154 2141 qua
163 2076 311 2139 intelligitur

61 2145 218 2193 conservatio
226 2141 328 2190 ordinia.

62 2212 160 2274 ltaque,
173 2218 200 2259 ut
216 2224 260 2256 noe
275 2206 422 2271 appellemus

61 2276 174 2326 eumdem
186 2274 338 2331 modestiam,

62 2344 182 2392 delinitur
191 2344 227 2391 aio
238 2357 254 2388 a
265 2342 355 2393 stoicis,

63 2423 92 2459 ut
103 2411 223 2458 modestia
234 2408 265 2456 ait
276 2407 378 2455 acientiu

62 2477 264 2526 collocandarum
275 2488 319 2521 auo
328 2473 382 2520 loeo

61 2560 151 2593 earum
162 2558 243 2591 rerum
255 2555 309 2604 quet
319 2547 422 2602 agentur

62 2618 110 2658 eut
119 2609 240 2659 dioentur.

62 2677 153 2740 Ituque
165 2677 201 2723 ria

63 2743 160 2791 ordinis
175 2749 198 2790 et
212 2740 377 2790 collocutionis

63 2811 90 2857 vi
94 2809 164 2858 detur
173 2808 225 2857 lore
236 2807 328 2855 eudem.

63 2876 130 2925 Nam
147 2875 266 2923 definiunt
278 2874 312 2921 uio

63 2954 90 2992 at
102 2942 221 3000 ordinem.

64 3009 265 3071 compositionem
275 3021 355 3055 rerum

64 3076 126 3125 loeis
141 3077 203 3138 uptis

65 3153 90 3190 et
101 3141 295 3190 accommodetis·

68 3207 160 3256 Dicunt
171 3218 250 3256 eutem

67 3276 269 3338 opportunitatem
290 3273 405 3337 temporie

66 3357 119 3389 esee
131 3343 213 3389 locum
228 3342 337 3388 aetionis.

67 3409 171 3471 Tempus
178 3416 425 3470 autemopportunum

67 3475 170 3523 actionis

67 3543 202 3604 appelletur
210 3541 294 3590 Graeee
305 3541 420 3608 εὐκαιρία,

67 3608 152 3656 Latine
162 3610 265 3657 oeeueio.

67 3675 107 3723 sic
117 3675 145 3723 lit
155 3686 184 3723 ut
193 3676 246 3722 haeo
257 3673 386 3732 modestia,

67 3756 139 3804 quam
149 3743 335 3805 interpretamur
344 3741 388 3796 itu,

70 3818 95 3854 ut
106 3806 167 3869 dixi,

452 749 591 813 deinquelle
602 767 664 800 noua
675 767 750 801 arona
758 752 826 816 parii
833 759 992 818 mperatum,

452 825 476 864 et
488 817 516 864 de
526 834 555 865 ne
570 834 612 881 pae
622 818 745 868 a'aranoer
756 820 811 883 plue
822 820 882 870 loiu.

452 882 489 930 De
498 898 537 931 oea
549 886 608 932 troie
619 884 703 933 ohoeee
716 886 829 936 toutefoia

452 948 477 996 la
489 950 543 1011 plue
556 952 702 1014 importante
712 959 748 1001 eat

451 1016 561 1077 reppetit

452 1082 518 1129 obiir
530 1085 545 1131 i
556 1085 580 1130 la
594 1085 684 1131 ruieon.

484 1148 537 1200 XL.
557 1150 752 1200 Eneontinuant

452 1214 471 1261 il
481 1217 533 1264 saut
543 1217 622 1278 purler

452 1280 481 1328 de
494 1283 583 1330 l'ordro
592 1282 633 1329 dea
645 1280 729 1332 ehoeea

452 1349 514 1396 etde
527 1349 699 1412 l’opportunite

452 1413 492 1462 dee
503 1424 589 1478 tempe.

452 1479 487 1529 Or
498 1481 559 1530 (lana
570 1489 631 1530 oette
644 1482 737 1530 aeienoe

451 1556 488 1596 eet
498 1558 616 1596 contenue

451 1623 512 1662 cette
525 1617 613 1676 pontiti
623 1629 669 1676 que
680 1613 716 1662 lea
725 1612 800 1663 Gteoa

451 1689 576 1728 nominent
586 1682 691 1742 ιῦτπξέα,

451 1762 500 1795 non
512 1763 555 1810 pua
567 1748 626 1794 celle

450 1827 497 1875 que
508 1830 569 1861 nous
580 1812 718 1861 traduisoua

450 1879 598 1928 moderatiori
609 1899 615 1935 ς

451 1944 511 1993 <luna
522 1947 601 2008 lequel
614 1954 666 1997 mot
679 1959 773 1994 meeure
786 1951 839 1994 eat:

451 2012 512 2060 muie
524 2022 584 2060 cette
597 2013 693 2075 ιὐτκξέα
705 2022 741 2059 eat
752 2028 796 2059 une
805 2015 891 2072 quaiiti

450 2076 511 2126 dene
524 2078 627 2140 laquelle
638 2088 673 2126 eet
685 2080 804 2141 eompriae

450 2141 474 2191 lu
483 2147 649 2192 conservation
662 2145 691 2194 de
703 2145 800 2193 l'ordre

450 2211 480 2257 Et
490 2212 561 2265 ainsi.
574 2226 634 2274 pour
645 2227 691 2274 que
703 2227 765 2259 noua
776 2209 901 2273 appeliona

450 2280 604 2324 cette-milne
615 2280 703 2338 quotiti
713 2277 873 2331 moderatiori.

450 2344 496 2390 elle
507 2353 544 2391 eat
555 2343 640 2391 delimo
650 2345 713 2391 ainai
725 2360 768 2406 par
779 2344 814 2391 lea
825 2341 949 2401 etoieiena,

450 2422 497 2470 que
511 2411 535 2457 la
547 2408 696 2458 moderatiori
711 2409 881 2458 eetlaaoienoa

449 2474 479 2522 de
493 2484 579 2524 mettre
590 2479 604 2523 i
615 2476 668 2525 leur
679 2478 747 2539 plaoe

450 2557 488 2588 cea
501 2543 555 2603 (les)
566 2542 650 2591 choses
660 2543 702 2606 qui
715 2550 796 2591 aeront
806 2542 876 2590 saitae

450 2623 481 2655 ou
493 2619 573 2657 uerunt
584 2608 652 2657 diter.

450 2675 645 2738 C'eetpourquoi
658 2677 681 2723 ln
696 2676 779 2723 valeur

449 2740 478 2787 de
490 2741 577 2789 l'ordre
587 2754 610 2790 et
623 2743 651 2789 de
663 2745 851 2803 l'urraugement

450 2812 528 2868 paruit
546 2809 627 2856 devoir
639 2813 688 2857 etre
702 2809 727 2856 la
739 2812 825 2856 meme.

450 2873 496 2922 Cur
508 2876 537 2920 ils
551 2874 690 2923 definissent
701 2876 763 2923 ainai

450 2941 514 2986 numi
533 2940 627 3002 l'ordre,

450 3006 647 3056 l'etubliasement
660 3006 792 3056 deechoaea

450 3071 509 3119 dnus
522 3073 561 3121 (lea
573 3075 638 3122 lieux
653 3075 810 3122 oonreuublea

449 3147 472 3185 et
486 3143 630 3203 appropries.

450 3205 483 3255 Or
495 3208 524 3252 ils
537 3206 618 3256 disent

450 3273 622 3335 l'opportunite
633 3274 661 3321 de
672 3282 750 3336 tempe

449 3342 499 3386 itre
510 3341 532 3386 le
544 3341 591 3387 lieu
604 3340 676 3388 d'una
688 3343 778 3388 aetion.

450 3405 485 3454 Or
497 3406 520 3453 le
533 3415 609 3469 tempe
619 3417 738 3471 opportun

450 3472 523 3520 ‹l'una
533 3475 614 3521 aetion

451 3550 486 3586 est
498 3541 580 3602 appele
592 3552 690 3601 engreo
700 3538 815 3607 εὐκαιρία,

450 3606 550 3653 eu-lutiu
562 3608 683 3654 oeoeaiou.

450 3672 521 3719 Ainai
534 3672 551 3718 il
565 3688 590 3720 ee
602 3672 647 3721 leit
656 3686 702 3734 que
711 3676 773 3719 oette
783 3665 943 3726 moderatim,

451 3753 497 3800 que
508 3753 568 3785 noua
577 3736 714 3786 truduieone
725 3735 797 3795 alnei,

450 3819 543 3851 comme
553 3804 597 3867 j'ai
611 3803 657 3864 dit,
