2364 4634
10 39 848 324 ω

350 771 559 828 opsessores,
582 768 666 815 strue
690 767 720 813 u.
934 754 988 816 tut

75 887 111 933 Ex
125 902 173 948 quo
186 903 274 951 genere

73 956 259 1011 comparationis

72 1031 107 1067 ess
121 1020 181 1067 illud
193 1022 257 1068 senis
270 1022 382 1080 (istosin

73 1101 146 1146 nqtlo
159 1102 234 1148 quum
247 1099 394 1150 qnsereretur

71 1154 128 1212 quid
140 1155 262 1215 expediret
275 1159 380 1204 maxime

71 1219 95 1264 in
110 1234 135 1265 re
146 1219 270 1278 familiari,

71 1286 210 1346 respondit:

74 1369 83 1391 ι
97 1351 197 1398 Pesoere
211 1354 279 1401 bene.

71 1446 102 1457 -
115 1418 180 1477 Quid
191 1418 343 1467 secuudum?

71 1510 102 1520 -
115 1484 214 1532 Poscere
229 1488 289 1534 setis
300 1487 367 1535 bene.

70 1574 99 1583 ·-
114 1550 177 1610 Quid
188 1550 305 1600 tertium?

70 1641 102 1650 —
115 1618 214 1665 Poscere
225 1618 297 1666 mule.

70 1708 101 1716 —
115 1683 180 1744 Quid
192 1683 325 1746 quartum?

56 1773 102 1808 ¹-
116 1752 197 1798 hrere.
211 1770 223 1793 s

69 1815 110 1867 Et,
120 1830 195 1875 quum
205 1818 245 1864 ille
252 1818 427 1879 qniqnaesierst

70 1879 188 1930 dixisset:

71 1967 83 1989 s
95 1945 160 2006 Quid
174 1947 309 1997 loeuersri?
324 1968 334 1994 ι

70 2021 121 2058 tum
135 2014 194 2063 Ceto
206 2017 300 2078 inquit:

73 2097 83 2120 s
95 2079 159 2138 Quid

69 2145 176 2194 occidere
185 2144 325 2194 hominem?
337 2167 348 2190 ι

71 2211 107 2257 Ex
119 2227 167 2273 quo
177 2224 201 2259 et
211 2213 293 2259 multis
306 2213 360 2260 sliis

70 2277 139 2325 debet
150 2279 255 2342 intelligi

70 2346 260 2406 comparationes
270 2346 403 2394 utilitatum

70 2410 146 2457 solere
158 2411 218 2468 fieri,

70 2475 163 2538 hocque
175 2484 287 2539 qusrtnm
300 2494 377 2541 genus

69 2544 274 2604 exquirendorum
291 2545 425 2594 ciliciorum

69 2609 212 2670 adjunctum
227 2624 278 2658 esse
289 2620 360 2660 recte.

102 2675 149 2723 Sed
162 2676 299 2739 disputetur

71 2741 100 2788 de
110 2740 157 2788 hoo
166 2758 254 2805 genere
264 2750 324 2801 toto,

70 2808 98 2854 de
109 2811 211 2870 pecunie
221 2811 358 2872 querende,

70 2873 98 2920 de
111 2875 260 2933 collocandis,

70 2941 239 3002 equibusdsm
256 2943 314 2990 viris
328 2944 425 3006 optimis

72 3007 211 3055 sedentibus

70 3072 101 3120 sd
112 3074 218 3121 medium
227 3074 320 3124 denum

69 3140 218 3189 commodius

69 3221 141 3266 quem
158 3207 188 3254 eb
204 3208 261 3255 ullis
277 3206 426 3272 philosophis

70 3273 94 3317 in
112 3273 165 3319 ulls
178 3274 269 3321 schole.

70 3337 104 3384 Eu
117 3347 197 3388 tumen

70 3405 240 3467 cognoscendo
258 3414 335 3455 snut:

69 3472 189 3531 pertinent
201 3474 265 3520 enirn

69 3537 99 3583 ed
111 3538 248 3596 utilitatem,

69 3602 98 3649 de
107 3618 155 3665 que
164 3605 312 3668 disputatum
325 3613 360 3654 est

69 3667 115 3716 hoc
127 3671 197 3718 libro.

69 3734 241 3799 Persequemur
252 3737 362 3801 deineeps

69 3802 163 3864 relique

453 886 548 950 anuel
561 900 634 951 genre

454 953 483 1001 de
496 954 663 1016 comparaison

453 1031 489 1068 est
499 1021 551 1068 oels
561 1019 594 1068 du
604 1019 676 1067 rieux
688 1018 779 1068 Ostons

452 1087 541 1150 suqucl
551 1101 643 1134 comme
654 1101 686 1133 on
698 1083 836 1132 demandeit

452 1154 531 1215 quelle
543 1153 614 1201 chose
624 1153 858 1214 eluit-ssentngeuse
872 1150 893 1199 le
905 1150 960 1214 plus

452 1219 512 1266 dune
523 1220 545 1266 le
556 1220 610 1266 bien
624 1218 763 1274 ‹le-iumine,

452 1286 468 1333 il
481 1285 607 1351 qdpondit:
664 1318 672 1331 .

454 1352 757 1413 uEleverdertroupesux
769 1351 823 1398 bien

452 1445 484 1454 -
497 1418 582 1478 Quielle
593 1417 698 1466 choreis
708 1414 829 1465 seconde?

452 1511 485 1523 -
496 1485 773 1545 Eleveudwtroopesnx
785 1497 852 1530 seres
862 1483 925 1530 bien.

454 1577 482 1586 ·-
497 1551 581 1611 Quelle
592 1551 665 1600 olrose
678 1551 702 1597 ls
714 1547 855 1597 troisieme?

451 1643 484 1653 -
498 1616 773 1679 Elusus-destroupesux
785 1615 843 1663 mel.

453 1710 482 1719 -
496 1682 582 1743 Quelle
591 1683 664 1732 chose
674 1684 699 1731 ls
710 1679 860 1745 qustriemel

451 1777 482 1785 —
497 1750 626 1798 Lebourer.
639 1768 652 1793 s

452 1817 492 1868 lit,
506 1831 598 1864 comme
609 1816 672 1865 celui
682 1816 723 1878 qui
732 1815 799 1863 sveit
810 1813 927 1862 demendi

453 1884 517 1931 uveit
530 1884 578 1931 dits

455 1969 465 1989 ι
477 1949 540 2009 Quoi
554 1949 635 2011 (meisi
647 1945 871 2012 putrere-usuros.

452 2015 517 2062 slors
529 2015 603 2064 Cston
615 2015 667 2062 dit:

455 2080 538 2141 «Quoi
552 2086 636 2146 (meis)

453 2154 505 2194 tuer
517 2162 550 2193 un
562 2147 677 2194 homme?
690 2166 700 2188 s
934 2143 992 2208 [tres

452 2212 553 2274 D'epres
565 2212 668 2273 laquelle
677 2212 749 2259 chose
758 2220 782 2260 et
790 2213 913 2275 beaucoup
925 2211 992 2258 d'uu·

452 2279 471 2325 il
486 2279 536 2326 doit
547 2281 597 2326 dire
610 2279 714 2340 compris

453 2343 494 2393 des
505 2347 684 2406 oompsrsisons
696 2344 819 2392 d'ints‘erllts

452 2412 644 2459 meir-contumc
655 2410 683 2458 de
692 2425 717 2458 se
727 2411 795 2469 seire,

453 2486 477 2524 et
487 2486 548 2525 cette
556 2478 689 2539 qustrieme
699 2478 780 2539 rspice

453 2542 481 2590 de
497 2543 636 2591 rechercher
648 2544 682 2590 les
692 2541 786 2590 devoirs

452 2609 520 2657 sroir
531 2612 568 2657 etei
580 2610 675 2671 ejoutele
686 2610 844 2657 eure-reiron.

485 2675 547 2724 hieis
558 2676 576 2723 il
588 2683 624 2724 est
638 2674 737 2722 disserte

452 2757 494 2789 sur
506 2750 566 2791 cette
577 2744 659 2805 espece
673 2741 834 2801 tout-mtiere,

452 2823 494 2855 sur
506 2808 612 2872 l'srgent
623 2808 771 2871 nequitis,

453 2890 495 2923 sur
507 2876 605 2935 l'orqrnt
614 2876 729 2938 s's·plsoer,

454 2956 496 3003 per
510 2943 614 2990 certuine
625 2941 733 2988 hommes
747 2940 878 2988 excellents

452 3023 514 3055 esus

452 3089 483 3121 su
494 3074 618 3123 millen-de
628 3074 707 3124 anus

452 3141 507 3203 plus
519 3147 747 3205 svsnmgeusemsnt

452 3223 498 3321 gne
512 3222 556 3270 per
568 3223 661 3321 aucups
674 3204 829 3321 philosopher

470 3289 514 3321 ens
526 3289 620 3322 sncune
645 3290 673 3322 oo
684 3289 705 3321 e.

452 3339 496 3388 ces
513 3340 597 3388 choses
617 3346 733 3403 pourtent

452 3407 551 3455 doivent
564 3409 614 3454 dtre
634 3420 748 3455 conones:

452 3487 481 3519 en
493 3472 548 3520 eliet
559 3474 617 3521 elles
628 3481 780 3535 ont-rspport

451 3540 466 3586 is
480 3539 585 3589 l’utilite.

452 3620 494 3652 sur
506 3605 611 3667 luqnelle
625 3604 643 3650 il
657 3620 673 3651 e
685 3605 722 3652 dte
736 3604 836 3654 disserte'

453 3670 513 3718 dans
524 3687 551 3719 ce
562 3669 664 3721 livre-ci.

453 3736 519 3784 Nous
532 3737 703 3800 poursuisrons
716 3741 809 3786 ensuite

451 3805 609 3865 ecqui-reete.

463 3946 588 3959 -ιη
