2474 4694
407 846 460 925 nes
478 881 615 929 narnias⁸
634 884 725 930 ulvae
743 886 785 931 ιιι.
1003 873 1059 931 42⁵

140 989 263 1036 voluntate
273 994 336 1036 certo
519 987 839 1054 perlrvoloneedumoiar

138 1054 276 1102 accedimus
287 1052 413 1118 proximat
519 1070 582 1102 ιιοιιι
595 1070 623 1103 ιιι
637 1055 788 1118 approebona
800 1057 929 1117 tres-prece

138 1138 194 1168 nara
207 1130 239 1174 et,
252 1122 367 1183 prohibiti
520 1136 561 1168 ear
569 1130 601 1177 ot,
613 1122 682 1169 eunt
691 1122 781 1169 aaron

137 1190 212 1234 armis
224 1188 306 1250 impiis
319 1190 388 1251 vique
520 1203 563 1249 par
575 1188 615 1236 der
626 1202 704 1236 armes
716 1188 801 1251 impier
812 1193 837 1235 et
846 1201 890 1250 par
903 1186 928 1234 la
939 1185 1046 1235 violence

138 1270 153 1300 ιι
165 1253 288 1316 republica
521 1254 549 1301 de
561 1254 586 1300 la
596 1255 737 1317 republiqua

137 1321 286 1382 negotiisque
299 1321 443 1377 forensibus,
520 1329 544 1367 et
555 1320 595 1367 dea
606 1319 702 1369 affulrea
717 1320 851 1376 ‹lu-loram,

137 1388 303 1448 persequimur
314 1389 391 1435 otitun
402 1405 408 1444 l
520 1402 581 1433 noue
595 1387 755 1449 pourruitona
764 1387 917 1448 (olrarclroae)
928 1386 951 1433 lo
962 1385 1044 1441 loirire

136 1463 160 1500 et
172 1453 202 1500 ob
215 1468 266 1500 eum
279 1470 389 1511 euersam,
520 1461 543 1500 et
555 1469 615 1515 pour
626 1460 687 1501 celle
701 1469 781 1508 cause,

137 1520 196 1566 urbo
210 1518 303 1577 relicta,
520 1519 544 1566 ln
555 1520 613 1567 ville
628 1521 696 1567 errat
712 1520 811 1583 quince,

136 1595 292 1649 peragrantes
304 1602 370 1647 rura,
519 1596 666 1647 pareourrnt
675 1588 710 1634 leo
723 1600 878 1649 campagnes,

136 1667 199 1713 reepe
215 1669 298 1700 eumue
310 1655 362 1699 ooli.
519 1662 620 1700 enaverat
631 1668 692 1701 noua
702 1668 805 1701 commea
816 1652 888 1699 acula.

136 1718 181 1766 Sed
196 1734 240 1766 nec
248 1718 294 1766 boo
306 1722 382 1766 otium
519 1718 581 1766 llinis
592 1718 617 1767 ai
635 1735 662 1767 ee
674 1721 761 1775 (notral
774 1720 842 1767 leirir
854 1719 911 1764 u'nt
922 1721 1059 1777 dcemparer

136 1801 190 1831 cara
201 1786 251 1833 otio
262 1785 380 1841 Alrieani.
519 1800 576 1834 aveo
587 1787 608 1833 le
620 1786 688 1834 loiair
699 1786 728 1833 do
741 1786 879 1840 l'Africoin,

136 1867 179 1899 neo
191 1850 243 1899 lraec
254 1852 359 1899 solitudo
519 1852 543 1899 ni
557 1862 617 1900 cette
628 1854 717 1914 (notre)
731 1852 837 1900 eolltnde

136 1928 171 1964 ast
183 1918 346 1980 comparanda
362 1933 417 1964 euin
437 1917 490 1964 illa.
519 1918 580 1967 a'eet
591 1921 740 1983 le-comparer
751 1931 809 1965 aree
824 1917 926 1965 celle-lb.

135 1983 178 2032 Ille
191 1986 264 2041 enirn,
280 1986 431 2047 requiescens
519 1984 625 2033 Gelai-lie
634 2002 664 2033 en
676 1985 741 2045 ellel,
753 2001 779 2033 te
790 1995 903 2048 reperent

136 2064 151 2097 a
166 2051 334 2111 pulcherrimis
351 2049 492 2097 aurneribuo
519 2051 559 2099 dar
572 2053 626 2113 plue
638 2052 711 2100 belles
723 2051 825 2115 charges

134 2117 284 2178 reipublicae,
518 2116 547 2165 da
559 2118 583 2166 la
595 2119 745 2182 republique.

136 2185 248 2231 sumebat
258 2184 391 2247 aliquando
519 2186 614 2246 prenait
628 2185 779 2248 quelquelbie

134 2250 211 2297 otium
225 2250 283 2306 eibi.
517 2250 550 2296 ‹lu
570 2250 638 2298 loieir
657 2266 719 2313 pour
739 2252 876 2308 lui-meme,

133 2326 158 2363 et
171 2318 292 2364 interdura
516 2326 540 2364 ct
551 2304 701 2377 qu'elqueloie

134 2397 160 2428 ae
170 2384 299 2445 recipiebat
311 2398 325 2429 a
337 2393 400 2430 eoelu
517 2398 541 2430 aa
553 2384 648 2430 retirait
656 2383 685 2431 de
698 2384 723 2431 la
736 2384 913 2444 frequentation

133 2448 316 2512 frequentiaque
330 2449 456 2496 heminam
516 2456 539 2496 et
553 2448 583 2496 de
594 2446 727 2497 l'efflnenee
742 2449 782 2496 dea
794 2449 901 2496 hommes

132 2515 158 2562 in
173 2516 337 2570 solitudinem,
516 2515 577 2561 dane
591 2515 616 2563 la
631 2516 743 2571 rolitude,

133 2589 247 2644 tanquam
261 2584 285 2629 in
300 2590 404 2644 portura.
516 2596 609 2629 romena
622 2581 684 2630 daar
696 2597 729 2629 un
741 2590 803 2645 port.

132 2648 248 2697 Nostrum
258 2659 337 2695 autem
353 2649 429 2695 otium
516 2647 578 2695 Maia
590 2657 659 2696 notre
670 2648 739 2697 loieir

132 2716 291 2762 constitutum
305 2724 341 2761 est
515 2730 530 2760 a
544 2716 580 2764 etl
595 2714 667 2762 fonde

133 2781 216 2843 inopia
232 2781 331 2843 negotii,
515 2797 558 2828 rur
571 2782 592 2827 le
604 2796 708 2843 miraque
720 2781 896 2845 d’oeeupalion,

133 2862 180 2894 nan
192 2849 270 2895 studio
282 2845 453 2909 requiescendi.
517 2862 564 2894 aon
577 2862 618 2894 ear
631 2848 655 2895 la
669 2851 729 2910 gelli
741 2848 770 2895 ele
782 2864 843 2896 noua
855 2861 959 2909 repoecr.

132 2915 222 2961 Senatu
232 2917 296 2961 enirn
304 2915 423 2961 exstirioto
516 2914 547 2963 Le
559 2916 628 2960 serrat
639 2929 668 2961 ea
679 2913 735 2962 ell'et
745 2924 821 2976 ayant
831 2917 868 2963 ete'
878 2915 954 2961 e'teiut

129 2982 275 3042 judiciisque
287 2982 380 3033 deletis,
516 2989 539 3028 el
552 2982 585 3027 les
594 2980 734 3042 jugements
743 2982 831 3040 abolit,

132 3048 191 3108 quid
203 3057 239 3095 eet
251 3048 350 3107 dignum
363 3048 432 3094 nobie
515 3048 572 3109 qu'y
585 3047 647 3095 a-r-il
660 3047 689 3094 da
701 3046 773 3110 digne
787 3048 816 3096 do
832 3062 894 3094 noua

131 3114 195 3175 quod
207 3115 327 3177 poscimus
339 3129 411 3175 agere
515 3129 560 3175 que
572 3129 634 3161 noue
647 3114 770 3176 puisaiona
781 3113 843 3163 faire

131 3192 174 3227 aut
188 3182 211 3227 ia
228 3183 296 3228 curia
310 3189 352 3227 ant
364 3182 388 3226 in
403 3177 471 3226 loro?
515 3196 545 3227 ou
562 3196 594 3226 ιιιι
606 3183 675 3229 cenot
686 3196 717 3228 ou
729 3196 761 3227 au
773 3177 876 3229 lorum?

132 3247 177 3307 Ita,
194 3248 233 3308 qui
247 3248 349 3294 viximus
366 3246 486 3308 quondam
514 3248 593 3297 Ainei.
610 3264 667 3294 nouo
678 3248 718 3309 qui
732 3262 808 3295 avone
821 3250 880 3295 areu
893 3245 1009 3294 autrel'oio

132 3315 156 3360 in
167 3315 305 3361 celebritate
321 3314 428 3359 maxima
516 3314 575 3361 dane
587 3313 717 3362 l’affiuence
730 3314 754 3361 la
768 3314 823 3376 plue
834 3312 927 3379 grande

131 3389 203 3442 atque
215 3381 240 3427 ia
254 3382 331 3428 oeulis
341 3381 439 3435 civium.
514 3390 539 3426 et
549 3381 609 3427 darre
623 3382 699 3443 (eous)
711 3381 746 3429 leo
756 3395 822 3443 ycux
836 3383 878 3429 dea
889 3381 1007 3443 citoyear,

131 3462 205 3504 nane,
515 3448 675 3501 menatenam,

131 3514 252 3573 fagientes
267 3522 420 3577 conspectum
515 3512 602 3575 luyaat
613 3513 638 3561 la
649 3528 695 3561 rue

130 3582 301 3627 sceleratorum
514 3580 554 3627 elea
566 3581 677 3627 scelerato

130 3648 219 3709 quibua
232 3648 314 3695 omnia
325 3645 470 3697 redundant.
515 3646 575 3694 dont
586 3656 639 3696 tout
648 3662 758 3711 regorge,
974 3642 1056 3707 [niblo.
1077 3650 1084 3663 ¹

130 3714 486 3776 abdimusnoeqnantanrlleet,
515 3728 576 3761 noua
588 3714 693 3761 eaebona
706 3730 766 3761 ιιοιιι
780 3721 863 3759 autent
878 3710 939 3774 qn'il
955 3720 1056 3771 eet-poa·

129 3790 153 3827 et
164 3796 320 3843 superamus
331 3782 387 3827 soli.
514 3789 538 3826 et
548 3791 649 3827 eorruent
660 3796 721 3828 notu
735 3795 838 3827 aomraea
849 3779 922 3824 seule.
984 3776 1057 3842 [ainai

129 3847 183 3899 seu.
200 3849 257 3909 quia
267 3848 403 3909 accepimus
413 3847 447 3894 aie
514 3846 585 3902 Maia,
599 3862 668 3909 parce
678 3862 724 3910 que
736 3861 797 3893 noire
807 3861 882 3893 ιιιόιιι
894 3858 950 3905 recu
959 3844 1058 3906 (apprir)

129 3913 407 3969 abhominibuedactie,
516 3912 808 3967 derlrommeeinstrnita.
865 3962 870 3972 ,

131 3992 239 4042 opertere
251 3996 298 4026 nnn
310 3980 387 4026 salam
515 3978 599 4026 salloir
609 3981 676 4041 (qu‘il
689 3980 776 4038 sullait)
789 3993 836 4026 aon
850 3977 982 4024 seulement

129 4048 219 4108 eligere
235 4048 337 4093 minima
348 4060 377 4094 ox
391 4046 469 4101 malie.
515 4045 604 4094 cboieir
620 4048 654 4095 lca
666 4045 789 4094 moindree
802 4045 895 4093 d’entrc
905 4044 939 4091 lea
955 4058 1039 4099 meua.
