2364 4634
396 838 448 884 nss
469 835 603 892 utentes,
628 836 712 879 ιιιιι
733 836 775 880 ιιι.
991 820 1048 878 585

121 971 181 1019 quo.
193 970 268 1021 quum
279 966 340 1007 esset

122 1026 148 1070 in
161 1025 336 1080 cadomenses,

123 1088 278 1152 deprecante,

106 1166 109 1169 ’
123 1154 163 1202 lex
175 1172 224 1204 ιιοιι
239 1163 335 1221 secepts
345 1164 388 1206 est.

121 1221 168 1269 Hie
178 1237 207 1269 es
224 1223 316 1271 utilitas

122 1302 179 1350 ques
191 1287 316 1338 videbatur

122 1355 202 1402 veluit
209 1355 264 1418 pius
272 1371 342 1419 quem
351 1355 464 1404 honestas
473 1377 479 1414 ς

121 1421 185 1482 spnd
204 1424 346 1484 superiores.

122 1485 185 1535 feisa
197 1488 287 1551 speeies
300 1491 414 1537 utilitatis

121 1563 236 1617 superate
247 1563 284 1603 est

121 1618 153 1666 sb
164 1621 308 1669 suetoritste
320 1621 462 1672 honestatis,

121 1752 187 1814 qnod
199 1759 280 1801 sctum
291 1761 342 1802 eret
353 1771 395 1818 per
406 1757 453 1804 sim

121 1834 170 1867 non
191 1818 274 1867 debuit
286 1835 337 1868 esse
349 1830 437 1869 rutum.

122 1884 197 1945 Quasi
208 1900 266 1934 vere
279 1887 315 1934 vis

121 1952 198 2013 possit
210 1951 318 2000 adhiberi
332 1954 383 2001 tiro
395 1954 460 2003 serti.

122 2016 171 2066 Cur
184 2018 261 2080 igitur

121 2081 318 2145 proficiscebatur

121 2149 151 2196 sd
164 2158 284 2208 senatum,

121 2217 255 2277 praesertim

121 2296 198 2344 quum
210 2281 364 2331 dissuasurus
378 2292 439 2332 esset

123 2347 153 2394 de
165 2349 283 2410 captivis?

123 2413 305 2476 Reprehenditis
317 2414 349 2474 id,

122 2480 186 2542 quod
199 2488 236 2528 est
248 2483 383 2530 maximum
400 2483 425 2531 in
441 2498 478 2532 eo.

123 2545 180 2595 Non
195 2546 258 2594 enim
273 2548 339 2596 stetit

122 2627 166 2660 sno
179 2611 281 2674 judicio.

122 2678 163 2726 sed
175 2681 279 2742 suseepit
290 2695 396 2739 oensem,

123 2751 149 2792 ut
160 2754 223 2792 esset
234 2745 354 2808 judicium
366 2755 476 2804 senetne3

122 2811 161 2858 eui
175 2811 223 2858 nisi
232 2812 284 2874 ipse

123 2877 210 2924 suisset
220 2885 312 2934 sueton,

122 2943 213 3006 captivi
224 2944 331 3007 prefecto

123 3009 210 3056 redditi
221 3018 300 3058 essent
312 3010 401 3060 Ptenis.

122 3075 161 3123 Ite
173 3075 282 3138 Regulus

122 3141 249 3189 restitisset
264 3143 394 3190 incolumis

123 3209 148 3253 in
167 3209 255 3270 petris.

122 3271 194 3333 Quod
207 3275 322 3336 quianon
336 3276 430 3339 putavit

124 3340 185 3387 utile
195 3341 288 3402 pstrioe,

123 3405 213 3454 ideireo

123 3471 227 3520 eredidit
242 3471 369 3521 honestum
385 3475 430 3523 sibi

123 3546 147 3584 et
158 3539 246 3586 sentire

123 3612 147 3651 et
160 3605 210 3666 peti
227 3604 279 3653 iile.

123 3669 185 3719 Nem
198 3670 262 3733 quod
274 3670 352 3723 aiunt.

124 3736 187 3797 quod
199 3740 231 3785 sit
247 3737 316 3784 valde
328 3738 396 3798 utile,

124 3802 149 3849 id
164 3802 214 3851 fieri
226 3802 363 3859 honestum.

124 3871 172 3916 ime
185 3885 240 3917 vero
252 3885 312 3932 esse,

125 3950 173 3982 non
185 3934 245 3983 fieri.

124 4000 192 4049 Nihil
202 4003 268 4050 enim
282 4008 318 4050 est
332 4004 400 4060 utile,

507 956 594 1018 lequel,
609 969 702 1003 comme
714 955 732 1002 il
744 955 804 1002 eteit

508 1023 568 1069 dens
578 1023 600 1069 le
613 1024 690 1070 meme
704 1035 754 1079 ees,

508 1087 887 1151 detournent-psr-ses-prieres,

508 1155 532 1202 le
545 1156 578 1203 loi
591 1171 621 1202 ne
631 1155 669 1203 int
681 1169 723 1217 pse
732 1153 865 1202 sceueillie.
932 1150 935 1156 “

507 1221 541 1269 lei
553 1230 614 1269 cette
626 1222 704 1269 utilite

507 1290 549 1349 qui
562 1289 689 1350 pereisssit
701 1292 746 1336 stre

506 1355 631 1403 eut-soree
642 1356 697 1417 plus
709 1368 755 1416 que
766 1352 925 1411 l’hounttete,

507 1420 566 1468 chen
576 1421 611 1469 les
624 1419 813 1483 pre'tieeesseurs⁸

507 1501 554 1535 uns
568 1486 648 1535 isusse
658 1501 791 1550 sppnrenee
802 1485 906 1532 d'utilite

507 1552 544 1600 sut
554 1555 657 1602 ssineue

507 1634 550 1681 per
561 1620 683 1667 l'eutnrite
697 1619 725 1667 de
736 1617 891 1666 t’honnttete.

540 1686 610 1749 Meis,
625 1689 708 1750 dites,

506 1766 533 1799 ee
543 1753 584 1815 qui
595 1754 659 1800 evsit
667 1754 704 1799 ete
715 1751 760 1800 seit
768 1766 810 1814 pen
820 1751 954 1799 eontreinte

505 1819 806 1933 ἔξωιζὲ-ῗίθοῗΐεὸἷῗιὲῆίἰ
814 1884 949 1932 contrainte
961 1882 1045 1950 [gens.

506 1953 605 2012 pouneit
615 1953 665 2000 stre
675 1951 799 2014 sppliqnee
810 1949 949 1999 tsl'hounme
960 1965 1046 1998 eeuru-

505 2016 629 2080 Pourquoi
640 2018 702 2065 dono

505 2083 623 2144 putuit-il

506 2164 559 2196 vers
570 2150 592 2197 le
602 2150 679 2209 senet,

505 2223 602 2263 surtout

506 2282 618 2344 puisqu'il
632 2281 874 2329 desaisdeeonseiller

506 2348 673 2410 su-sujet-des
685 2344 851 2411 prison'niers?

505 2414 573 2462 Vous
583 2429 694 2477 repreuez
709 2413 820 2474 (hiemen)
832 2413 893 2472 cels,

505 2482 546 2542 qui
557 2487 593 2528 est
603 2482 625 2528 le
637 2481 690 2543 pius
704 2479 783 2540 grand
796 2493 825 2525 en
836 2479 880 2528 lui.

505 2547 541 2594 En
554 2545 609 2594 effet
624 2548 641 2594 il
654 2562 684 2593 ne
696 2546 746 2593 s’en
755 2546 803 2593 tint
814 2560 857 2608 pes

504 2615 573 2660 seen
585 2613 712 2676 jugement
724 2612 883 2672 (sentiment),

505 2681 565 2726 meis
576 2694 601 2727 se
614 2679 719 2741 eberges
730 2677 758 2725 de
768 2678 792 2724 ln
801 2692 882 2734 cause,

505 2745 552 2793 etin
563 2746 621 2806 qu’il
631 2761 647 2807 y
659 2748 700 2792 eut
708 2746 835 2806 jugement
845 2744 877 2791 du
888 2747 969 2800 sensu

505 2812 593 2873 auquel
603 2813 622 2857 si
633 2811 755 2859 lui-meme

505 2877 596 2925 n’eveit
608 2879 643 2927 ὀῐέ
653 2877 789 2935 conseiller,

505 2944 539 2990 les
551 2944 698 3007 prisenniers
710 2944 860 2990 essurement

505 3010 615 3058 uuruient
625 3012 662 3058 ete
673 3009 763 3058 rendus
773 3024 822 3057 eux
833 3008 1011 3071 Carthaginois.

506 3077 574 3124 ¹tinsi
586 3076 693 3140 Regulus

505 3143 579 3189 serait
588 3145 648 3191 reste
659 3141 830 3190 sein-et-seus

507 3209 566 3256 dens
580 3227 604 3256 sa
615 3211 700 3272 patrie.

507 3275 619 3338 Lequelle
632 3273 703 3324 chose
719 3290 788 3337 perce
804 3275 862 3337 qu'il
878 3290 907 3322 ne
919 3289 992 3338 pensu
1003 3290 1046 3339 pne

506 3346 550 3388 ttrs
560 3343 617 3389 utile
627 3345 642 3389 s
653 3358 679 3388 ss
690 3342 774 3405 petris,

508 3408 627 3469 pour-cele

506 3473 524 3520 il
537 3483 592 3522 erut
603 3474 707 3521 hounite
719 3489 780 3536 pour
795 3474 916 3522 lui-meme

506 3540 575 3587 etde
594 3539 863 3588 donner-eomme-evis

506 3613 529 3653 st
541 3605 570 3653 de
582 3605 679 3653 souffrir
690 3621 727 3654 ees
738 3606 830 3653 choses.

505 3671 587 3720 Ceres
599 3673 673 3734 qn’ou
688 3672 732 3727 dit.

506 3752 533 3785 ee
547 3739 588 3800 qui
599 3749 636 3786 est
647 3739 696 3786 tort
706 3737 774 3797 utile,

505 3804 557 3853 ceta
569 3804 667 3852 devenir
680 3805 793 3861 bonnete,

505 3872 673 3919 stu-contraire
688 3887 716 3918 en
730 3872 803 3918 verini
811 3874 835 3929 js
848 3873 881 3917 dis
893 3874 940 3917 cele
957 3873 1035 3936 t'etre,

506 3954 553 3986 non
567 3954 609 4002 pes
621 3945 640 3985 ts
652 3938 758 3985 devenir.

505 4004 563 4052 Rien
577 4020 605 4052 en
621 4003 675 4052 eflet
687 4003 748 4052 n'est
760 4005 827 4062 utile,
