2364 4634
365 758 419 804 nes
441 759 575 817 errores,
598 761 682 806 trine
703 761 723 806 t.
939 766 996 825 215
1058 746 1061 751 ’

64 884 116 928 ent
127 876 226 941 aliquit
235 877 284 926 tnle
295 886 417 940 nppnrent.

66 946 232 1007 linximeqne
242 944 376 992 onnndurn
386 954 423 993 eet

67 1023 98 1061 nt
110 1012 243 1059 videamur

67 1090 94 1126 et
104 1078 187 1125 vereri
200 1086 224 1125 et
237 1077 338 1140 diligere
349 1091 390 1124 eos

69 1145 223 1207 quibuscum

69 1210 225 1259 conserimus
239 1224 381 1257 termonem.

70 1277 260 1338 Nonnunqnnm
278 1277 350 1324 etiarn

69 1344 259 1407 objnrgntionee
271 1343 411 1391 neoeeeeriae

69 1408 196 1465 incidunt,

68 1476 96 1523 in
107 1476 202 1539 qnibnn

68 1540 192 1589 utendum
204 1547 241 1588 eet
254 1541 314 1588 forte

67 1617 94 1657 et
104 1608 262 1656 contentione
274 1607 339 1656 voeit

67 1674 176 1737 mejero,

67 1750 94 1789 et
107 1742 230 1803 grevitsse
241 1741 369 1790 verborum

67 1810 177 1854 acriore.

67 1873 101 1922 1‹1
113 1872 236 1937 egendum
248 1873 329 1933 etiem,

68 1949 101 1987 ut
114 1955 143 1987 ne
156 1940 281 1987 uideamur

68 2007 152 2054 sneere
163 2021 192 2054 en
203 2006 260 2054 ireti
275 2023 281 2052 ι

68 2071 116 2120 ned
125 2080 154 2120 nt
165 2071 196 2120 nd
206 2073 325 2122 urendum

67 2147 96 2186 et
108 2139 249 2198 tenendum,

68 2205 108 2253 sie
121 2214 145 2253 et
153 2207 276 2254 veniemus

68 2285 129 2319 rnro
139 2272 256 2335 invitique

69 2336 155 2387 edboo
164 2336 426 2402 genueoeetignndum,

69 2418 117 2452 neo
128 2419 247 2467 nnqnnm,

68 2471 119 2518 nini
129 2472 273 2531 neoeeeerio,

69 2538 91 2583 ei
102 2537 171 2586 nulle
179 2539 229 2585 elie
240 2536 362 2585 medicine

70 2604 212 2665 reperietur.

70 2669 118 2716 Sed
130 2677 210 2717 tumen
219 2669 325 2718 irnnbeit
332 2669 425 2732 procul,

71 2750 127 2782 oum
139 2751 187 2799 qun
200 2736 262 2784 nihil

72 2809 150 2862 potent
166 2802 216 2849 lieri
227 2810 301 2859 recte,

72 2866 134 2915 nihil
146 2869 304 2916 ooneiderete.

72 2933 138 2981 Licet
152 2945 232 2982 eutem
243 2936 280 2982 uti

71 3015 162 3062 magne
172 3012 239 3063 perte

71 3068 229 3128 castigatione
241 3067 300 3121 leni,

72 3134 190 3193 gravitate
202 3141 282 3181 tumen
299 3133 424 3196 adjuncta.

73 3207 98 3245 nt
111 3206 134 3246 et
146 3201 261 3247 reveritae

72 3264 221 3322 adhibentur,

71 3340 93 3379 nt
103 3332 249 3380 oontumelie
262 3332 398 3394 repelletur.

71 3398 149 3458 Atque
163 3399 235 3445 etium

71 3463 257 3526 significandum
269 3471 305 3511 eet

71 3528 130 3576 illud
147 3531 236 3592 ipsum.

70 3597 132 3656 quod
145 3596 284 3659 objurgatio

69 3661 141 3710 hebet
153 3664 301 3725 acerbitatis,

68 3740 205 3792 eneoeptum
224 3746 275 3778 esse

68 3808 142 3842 canen
158 3797 232 3858 ipsine

68 3862 110 3921 qni
125 3862 276 3925 objurgetur.

69 3926 113 3976 Est
126 3937 206 3977 nutem
220 3935 321 3986 reoturn,

460 894 490 924 ou
503 879 606 940 quelque
617 878 688 925 ohoee
697 877 725 925 de
737 877 769 925 tol
781 875 952 940 u'eppnrelete.

459 944 489 992 Et
499 953 594 992 surtout
606 946 623 992 il
635 945 687 992 seut
696 944 797 1007 prendre
806 946 859 993 eoin

459 1027 505 1072 que
519 1028 578 1058 nous
592 1012 739 1074 pnruiseione

458 1088 481 1124 et
494 1085 611 1139 respectet
620 1087 644 1123 et
655 1078 731 1124 nimer
741 1092 803 1124 eeux

458 1159 516 1190 aveo
529 1144 631 1206 lesquele

458 1226 519 1256 nous
535 1225 672 1271 eugegeone
684 1209 709 1256 ln
720 1210 895 1257 conversation.

458 1276 554 1323 Perseis
564 1277 629 1323 ausu

458 1343 499 1389 dee
511 1341 673 1405 reprimendos
685 1341 829 1390 neoeeeniren

458 1410 566 1456 tombent
578 1412 612 1470 (ee
624 1408 779 1471 presentent),

458 1476 518 1522 dnus
529 1475 655 1537 lesquelles

456 1542 473 1589 il
486 1542 539 1590 seut
551 1558 576 1589 ee
585 1545 660 1590 servir
672 1544 791 1605 peut-etro

456 1617 480 1656 et
494 1609 564 1656 d'une
575 1609 667 1658 teneiou
682 1608 710 1657 tle
721 1611 778 1657 voix

456 1677 510 1736 plue
524 1676 625 1737 grande.
816 1722 822 1733 ,

456 1751 479 1788 et
493 1744 565 1788 d'une
584 1744 677 1804 grevite
695 1741 724 1790 de
743 1742 836 1806 perolet

456 1809 509 1868 plue
528 1812 675 1871 penetrente.

456 1875 510 1923 Ceoi
521 1877 572 1922 doit
583 1878 633 1924 etre
645 1877 743 1924 executi
756 1875 831 1932 eueni,

456 1956 501 2002 que
517 1957 578 1988 noue
592 1958 622 1989 ne
633 1943 779 2004 parnienione
790 1957 833 2004 pen

456 2007 515 2054 seire
528 2024 566 2055 ces
579 2008 662 2056 choses
671 2009 887 2056 etant-eu-colerez

456 2075 518 2121 meis
529 2090 621 2122 comme
635 2091 665 2124 on
678 2080 735 2122 utem
747 2083 857 2123 rorement
869 2075 884 2122 b
894 2072 976 2121 broler

455 2143 503 2186 etit
518 2142 607 2197 willer,

455 2208 517 2253 einai
528 2209 591 2253 nussi
605 2223 666 2254 noue
679 2223 706 2254 en
717 2207 847 2255 viendrone

455 2284 574 2320 rerement
589 2282 612 2320 et
623 2275 789 2336 melgre-noun

454 2341 468 2384 ie
483 2349 544 2386 cette
557 2342 637 2402 esp‘eoe
649 2340 678 2387 de
689 2339 780 2387 chttier
792 2338 832 2401 (de
842 2337 993 2401 obttiment).

453 2413 477 2450 et
486 2405 583 2466 jamule,

453 2472 522 2517 sinon
538 2471 744 2530 niceneeiremeut,

452 2539 472 2584 ei
489 2553 568 2584 aucun
579 2538 749 2585 nutreremede

452 2619 482 2650 ne
493 2620 547 2652 tere
564 2606 645 2665 rnen)
655 2605 748 2651 trouve.

452 2670 514 2717 Meis
527 2670 660 2732 cependent
673 2684 718 2730 que
730 2670 754 2717 ln
765 2668 843 2718 colere
854 2670 902 2719 neit
913 2667 973 2724 loln.

453 2740 554 2785 incolere
566 2751 623 2784 eveo
635 2736 738 2796 laquelle
751 2737 803 2784 rien

453 2819 482 2850 ne
494 2813 550 2866 peut
562 2818 586 2848 se
599 2803 659 2849 seire
668 2801 733 2862 bien,

452 2870 504 2916 rien
515 2869 713 2917 aveo-reflexion.

452 2936 514 2983 Meis
525 2936 543 2983 il
552 2943 587 2983 eet
601 2935 689 2998 permis
702 2935 731 2983 de
743 2935 894 3000 inire-unge

452 3018 481 3049 en
497 3002 590 3063 grande
603 3003 679 3064 partie

452 3069 524 3114 d’une
537 3066 689 3130 reprimendo
703 3066 787 3124 donee,

451 3134 475 3181 le
491 3136 583 3193 gravit&
595 3133 708 3182 toutefois
719 3136 786 3181 etant
794 3133 883 3197 jolnte,

451 3201 622 3263 ‹le-suqon-que
633 3209 656 3247 et
668 3201 691 3247 le
701 3201 800 3249 eeve'rite'

451 3268 637 3330 eoitemploye'e,

450 3343 473 3379 et
484 3334 605 3397 l'outrngo
620 3333 667 3380 eoit
678 3334 764 3384 eberti.

450 3399 480 3446 Et
491 3400 520 3446 de
531 3400 585 3462 plue

449 3467 467 3511 il
483 3466 535 3513 faut
545 3467 680 3530 te'moigner

449 3532 500 3579 cele
513 3535 599 3586 rueme,

449 3612 495 3659 que
506 3600 531 3646 le
541 3597 694 3661 reprimendo

449 3679 463 3711 n
475 3665 612 3728 (renierme)
624 3666 789 3721 d'nmerturne‚

448 3731 516 3778 avoir
527 3733 563 3779 e'te
575 3732 624 3792 prie

448 3795 508 3842 dens
519 3798 623 3844 l'interet
633 3795 662 3844 de
672 3799 767 3844 cetui-ut
781 3797 860 3845 meme

448 3862 489 3921 qui
501 3871 537 3909 eet
547 3863 707 3926 reprimendi.

448 3927 509 3976 Meis
521 3929 539 3978 il
553 3936 589 3977 est
601 3928 664 3976 droit
675 3928 805 3993 (bonnae),
