2364 4634
133 733 189 787 574
413 738 451 783 ne
471 738 589 785 ornetis
609 739 694 786 ιιιιιι
716 740 761 784 ιιι.

127 871 176 910 nec
189 870 294 910 nocere.
308 853 380 922 Quid
397 861 486 909 autem
499 854 584 908 iratus
597 853 660 926 plue
678 869 779 909 nepem
793 855 905 926 Jupiter
917 857 1040 927 potuisset

125 955 206 1010 quam
220 938 312 993 nocuit
323 938 374 994 sibi
383 937 442 1009 ipae
453 937 593 1009 Regulus?
601 937 682 992 Nulla
695 937 781 1010 igitur
793 938 903 994 violarit
913 938 1041 1011 religioni-3

125 1037 187 1091 qum
204 1030 305 1077 tantam
318 1023 462 1078 utilitatem
480 1028 658 1094 perverteret.
673 1022 728 1087 An,
748 1038 785 1076 ne
807 1023 930 1096 turpiter
942 1021 1040 1079 tamnen

126 1107 252 1163 l‘rimum.
269 1108 379 1161 minime
390 1107 425 1162 de
440 1108 534 1161 malis.
549 1105 709 1176 Numigitur
719 1111 829 1160 lantum
842 1105 912 1160 mali
922 1103 1043 1178 turpitude

126 1190 175 1243 isla
187 1189 303 1245 habebat
315 1199 447 1261 qnantum
461 1190 506 1246 ille
515 1188 676 1245 cruciatus?
690 1188 794 1244 Deinde
808 1188 878 1244 illud
889 1189 973 1244 etiem
986 1187 1044 1260 apud

126 1273 238 1344 Attium,

495 1352 598 1414 Fregistl
609 1351 706 1401 lidem¹.

217 1456 245 1466 —
256 1432 341 1492 Neque
351 1427 421 1489 dedi,
436 1442 518 1491 neque
528 1427 560 1476 dn
572 1426 665 1477 infideli
677 1426 807 1489 culquam,

124 1573 277 1627 quanquam
295 1555 330 1608 ab
348 1554 428 1625 impio
450 1569 514 1624 rege
535 1553 643 1617 dicitur,
667 1552 803 1608 luculente
828 1560 923 1608 lernen
949 1554 1044 1610 dicitur.

124 1642 234 1697 Addunt
246 1641 337 1706 etiam,
360 1638 584 1708 quemadmodum
605 1652 654 1692 nos
671 1636 795 1692 dieamus
815 1637 909 1693 videri
931 1639 1045 1711 quaedam

124 1726 198 1780 utilia
211 1741 274 1796 qum
287 1740 338 1778 non
355 1723 420 1781 sint.
435 1723 475 1778 sic
485 1738 515 1777 se
528 1723 618 1778 dicere
627 1718 712 1777 videri
723 1721 851 1791 quaedam
864 1722 982 1780 honesta
992 1738 1045 1795 que

124 1826 175 1862 nun
192 1811 247 1862 sint
262 1826 268 1860 ε
285 1816 314 1861 ut
329 1807 378 1861 loc
389 1807 477 1878 ipsum
493 1806 599 1861 videtur
612 1804 765 1867 honestum,
780 1806 965 1862 conservandi
977 1809 1045 1878 juris·

121 1894 230 1961 jurandi
243 1908 327 1946 causa
341 1890 376 1946 ad
388 1892 537 1946 cruciatum
553 1889 712 1957 revertisee;
726 1888 775 1944 sed
788 1888 818 1943 lit
830 1906 886 1946 ιιοιι
900 1890 1044 1953 honestum,

123 1977 196 2046 qnia,
212 1975 283 2046 qnod
298 1992 346 2046 per
360 1976 413 2029 vim
423 1975 537 2031 hostium
553 1981 738 2038 essetecum,
754 1983 844 2028 retum
856 1991 922 2031 esee
939 1991 990 2031 nen
1002 1974 1043 2030 de·

124 2062 189 2114 bnit.
208 2061 320 2116 Addunt
333 2061 425 2128 etiam,
440 2060 569 2132 quidquid
588 2060 667 2114 valde
681 2059 747 2114 utile
764 2060 811 2127 eit,
831 2058 859 2113 id
875 2059 936 2116 fieri
954 2061 1043 2115 hones·

124 2154 188 2209 tum,
204 2145 308 2199 etiamsi
323 2152 402 2199 antea
416 2161 468 2200 non
484 2145 632 2200 videretur.
650 2145 714 2199 llaee
727 2143 782 2198 lere
795 2151 892 2198 eontra
908 2145 1042 2217 Regulum.

122 2228 175 2284 Sed
189 2230 271 2300 prima
288 2230 437 2285 videamus.
863 2229 865 2234 ’

121 2452 207 2484 nonne.
220 2437 259 2484 Au
272 2435 309 2496 pia
322 2435 391 2492 aller,
406 2433 429 2480 ln
442 2434 520 2480 colere
538 2433 566 2480 de
582 2431 679 2495 Jupiter
699 2430 838 2479 eumit-elle
854 2432 899 2478 snit
912 2435 928 2480 ὶι
943 2433 1043 2496 Regulus

121 2513 175 2574 plne
190 2511 219 2558 de
237 2511 286 2557 mul
306 2510 366 2572 qu'il
388 2526 417 2557 ne
436 2510 488 2557 e’en
508 2508 536 2556 fit
554 2510 699 2562 lui-meme!
720 2508 755 2556 La
772 2507 877 2570 religion
896 2507 932 2556 du
947 2522 1042 2558 serment

122 2587 213 2635 n'avait
222 2586 284 2634 donc
295 2587 346 2633 rien
358 2587 398 2647 qni
410 2586 453 2647 ptlt
464 2584 486 2630 le
498 2583 626 2631 detourner
636 2584 693 2631 d’un
705 2582 798 2646 pertiti
810 2583 880 2630 utile.
895 2582 935 2633 On
946 2584 982 2633 dit
990 2584 1042 2647 qu’il

121 2678 146 2710 ee
155 2663 227 2709 seruit
236 2659 485 2710 corruertd'insumiel
497 2658 613 2715 D'ebord‚
629 2657 658 2705 de
669 2657 733 2705 deux
743 2672 818 2704 muux
830 2657 847 2704 il
861 2657 916 2705 faut
927 2659 1016 2707 clroisir
1025 2660 1043 2705 le

122 2737 238 2786 moindre.
250 2735 284 2785 Or
295 2751 312 2797 y
325 2735 419 2782 nvait-il
431 2743 518 2780 autnnt
530 2733 560 2780 de
569 2733 617 2780 mul
631 2732 691 2780 dene
703 2741 763 2780 nette
772 2732 874 2780 infamio
885 2749 932 2795 que
945 2734 1042 2782 dunelm

122 2814 242 2875 supplices
253 2811 326 2873 qu'on
338 2810 372 2856 lui
384 2808 412 2856 fit
421 2808 537 2859 soullrirl
551 2808 690 2867 D'nilleure,
702 2823 733 2856 ne
741 2807 870 2872 poenit-il
880 2824 923 2872 pne
933 2810 1042 2874 repandae

121 2904 213 2936 comme
224 2887 285 2935 dune
296 2886 378 2934 Attius
390 2904 396 2932 :

493 2958 597 3018 Pnrjnrel
614 2985 645 2994 -
655 2959 722 3005 Mol?

244 3042 276 3085 Le
287 3040 371 3100 perside
381 3036 462 3097 jnrnuis
475 3038 537 3082 n'eut
546 3046 570 3081 et
581 3037 658 3081 n'aura
667 3052 704 3082 rna
716 3035 757 3086 toi.

120 3165 186 3212 Culte
202 3167 309 3226 repense,
333 3164 436 3225 quoique
455 3162 512 3209 snite
525 3177 568 3224 pm·
580 3177 612 3208 un
625 3162 661 3209 roi
674 3161 755 3225 impie,
772 3175 803 3208 ne
813 3159 887 3208 luisse
900 3176 944 3224 pus
956 3161 1044 3209 d'aveir

120 3255 147 3286 an
159 3240 240 3286 vu'riie'.
254 3237 291 3287 On
305 3240 387 3298 njoute
397 3253 451 3300 qne,
465 3253 559 3286 comme
571 3253 632 3285 none
643 3237 726 3285 disens
736 3237 795 3298 qu'il
806 3251 821 3299 y
833 3251 849 3283 n
859 3235 900 3284 des
913 3238 997 3284 choses
1007 3238 1044 3299 qni

121 3316 254 3377 paruissent
265 3314 337 3360 utilea
352 3323 375 3361 et
385 3314 427 3376 qni
440 3329 470 3360 ne
482 3314 504 3360 le
514 3320 569 3360 sont
580 3328 631 3375 pes,
644 3312 673 3359 de
685 3314 762 3360 meme
773 3313 818 3372 ily
831 3327 861 3359 en
873 3327 889 3359 ιι
901 3313 943 3375 qui
957 3314 1044 3376 parnis·

120 3400 173 3435 tent
182 3389 298 3435 lronndtes
307 3389 379 3450 etqui
389 3403 418 3434 ne
428 3389 450 3434 le
458 3397 514 3436 sont
524 3389 672 3446 nullement;
686 3386 799 3450 qu’ninei,
812 3386 930 3448 quoiqu'il
941 3389 1045 3450 paruisse

121 3463 224 3510 lionnlete
237 3463 300 3510 dese
313 3463 385 3510 lirrer
397 3478 446 3510 aux
461 3466 569 3510 ennemie
582 3471 606 3510 et
623 3463 651 3510 de
662 3463 784 3525 e'exposer
796 3476 845 3509 anx
857 3469 995 3509 tourments
1012 3465 1045 3509 lar

121 3541 175 3600 plue
184 3539 262 3586 eruels
274 3540 353 3602 plutfit
363 3553 409 3600 que
421 3537 449 3584 de
459 3540 600 3601 mnnqueri
612 3554 655 3585 ιιοιι
666 3545 779 3594 serment,
792 3537 939 3584 l'honnttete
951 3537 1045 3600 n'exige

121 3629 165 3675 pua
176 3614 228 3661 mla
241 3614 269 3660 de
283 3628 352 3668 nous,
370 3627 440 3675 parce
452 3614 528 3675 qu'un
543 3622 649 3661 serment
667 3614 782 3675 extorque
799 3627 842 3675 par
860 3613 926 3658 force
941 3613 1046 3674 n'oblipe

120 3689 196 3749 point.
210 3688 280 3737 Enfin
292 3704 323 3736 on
337 3688 374 3734 dit
385 3702 431 3749 que
440 3695 508 3734 toute
519 3688 590 3735 chose
602 3690 643 3752 qui
655 3697 692 3736 est
703 3689 824 3735 tren-utile
834 3686 930 3734 devient
943 3702 987 3751 per
997 3687 1046 3733 cele

120 3764 172 3810 aeul
190 3763 303 3818 honnete,
321 3765 461 3811 lominum
480 3763 569 3824 qu'elle
583 3779 613 3810 ne
625 3764 738 3811 sembleit
757 3778 799 3825 pne
815 3761 871 3809 telle
886 3772 1045 3825 enpnrarnntt

120 3836 217 3885 l'oillt'a
228 3855 273 3901 peu
286 3842 340 3903 pr'ea
350 3847 428 3886 toules
441 3838 475 3885 les
490 3837 624 3899 objections
635 3854 681 3901 que
698 3837 748 3885 l'on
769 3839 814 3883 snit
832 3847 914 3884 contre
926 3836 1044 3900 lugan...

24 3958 27 3963 ,
122 3912 272 3962 rixaminom
282 3915 380 3961 ‹l'uborl
396 3914 431 3962 lm
444 3915 579 3977 premii-res.
