2474 4694
220 741 275 801 110
518 733 555 780 DE
576 734 693 783 orrtcus
712 736 794 784 trote
816 738 836 782 Ι.

220 869 271 910 neo
280 851 396 910 fortune
404 854 587 909 succumbere.
601 853 694 909 Altera
705 861 747 909 est
758 870 810 924 rec,
821 861 859 921 ut,
869 872 952 928 quum
960 857 998 911 ita
1011 857 1049 912 sis
1063 858 1142 913 effec-

220 976 264 1024 tus
274 966 373 1033 animo,
385 973 416 1021 ut
436 983 517 1038 supra
536 967 602 1033 dini,
616 981 660 1023 res
675 982 764 1035 peres,
782 982 892 1038 magnos
906 967 966 1023 illes
978 968 1099 1040 quidem,
1114 978 1141 1025 ct

220 1075 334 1132 menime
347 1075 434 1143 utiles,
448 1075 496 1130 sed
509 1084 536 1130 et
550 1075 724 1132 vehementer
735 1074 844 1143 arduas,
860 1077 1006 1148 plenasque
1017 1075 1139 1130 laborum

219 1189 246 1240 rt
259 1184 438 1255 periculorum
450 1192 505 1238 tum
519 1184 592 1249 vitae,
605 1190 660 1237 turn
676 1183 821 1239 muitarum
836 1201 924 1240 rerum
936 1200 998 1256 quoe
1013 1187 1045 1240 ed
1058 1188 1139 1241 vitam

219 1296 365 1367 pertinent.
373 1296 473 1350 ilerum
482 1311 573 1351 rerum
583 1295 698 1359 duarum
706 1294 834 1367 splendor
841 1297 929 1352 omnis
941 1304 969 1352 et
978 1297 1138 1369 amplitudo,

219 1405 289 1464 eddo
302 1404 384 1462 etiam
394 1404 548 1472 utilitatem,
559 1404 587 1458 in
601 1405 747 1476 posteriore
761 1412 820 1474 est;
836 1421 916 1461 causo
932 1415 1022 1462 autem
1034 1409 1139 1464 erratio

219 1514 340 1571 efficiens
348 1530 461 1585 magnos
473 1514 546 1568 viros
558 1519 599 1569 est
613 1513 640 1567 in
654 1513 753 1585 priore.
762 1513 791 1567 In
804 1529 836 1568 eo
849 1513 920 1568 enim
933 1522 975 1569 ost
987 1515 1051 1569 illud
1066 1517 1138 1587 quod

218 1623 384 1679 excellentes
399 1623 504 1676 animos
517 1629 543 1676 et
555 1621 673 1676 humana
686 1631 891 1678 contemnentes
911 1622 984 1677 iacit.
1000 1623 1029 1678 td
1046 1633 1138 1680 autem

217 1734 306 1804 ipsum
320 1732 438 1788 cernitur
452 1732 480 1786 in
493 1732 608 1793 duobus.
623 1733 646 1787 si
660 1731 783 1788 etsolum
797 1733 833 1801 id,
848 1734 919 1805 quod
935 1733 1077 1788 honestum
1091 1734 1135 1802 sit,

217 1845 317 1900 bonum
328 1844 445 1917 judices,
467 1850 494 1897 et
514 1841 548 1897 ab
569 1843 642 1896 omni
664 1842 747 1897 enimi
768 1842 972 1914 perturbatione
996 1841 1065 1897 liber
1088 1844 1135 1899 sis.

216 1959 286 2014 Nam
306 1963 333 2013 et
355 1971 396 2024 ea,
425 1969 488 2026 qum
505 1954 603 2010 eximia
629 1954 765 2026 plerisque
789 1963 818 2010 et
844 1955 974 2027 praeclnre
1001 1957 1134 2026 videntur,

217 2085 298 2143 parva
312 2069 431 2132 ducere,
447 2083 534 2139 eaque
555 2068 659 2123 ratione
680 2067 770 2123 stabili
794 2066 925 2138 firmaque
948 2077 1134 2130 contemnere.

216 2176 292 2233 fortis
313 2177 395 2232 animi
413 2177 557 2250 magnique
575 2177 729 2233 ducendum
750 2185 810 2242 est;
831 2184 857 2232 et
875 2192 907 2233 ea
928 2193 990 2248 quae
1011 2177 1137 2233 videntur

216 2287 324 2354 acerba,
348 2303 410 2359 quae
429 2287 514 2344 muita
539 2297 568 2344 et
594 2287 669 2343 varie
694 2288 721 2342 in
739 2287 877 2344 hominum
902 2288 958 2342 vita
975 2288 1135 2359 fortunaque

215 2404 372 2467 versantur,
398 2398 436 2452 ita
461 2396 542 2464 ferre,
572 2406 602 2451 ut
635 2397 701 2452 nihil
727 2412 743 2452 e
769 2404 841 2453 statu
870 2405 972 2455 neturae
996 2398 1132 2464 discedas,

215 2671 285 2719 tuum
299 2661 392 2717 Prone,
406 2659 446 2721 qui
458 2665 495 2706 est
509 2673 557 2705 uno
573 2658 636 2705 ruite
647 2658 766 2705 neturcllo
781 2657 809 2705 de
822 2664 883 2706 ootte
896 2657 1037 2723 disposition
1055 2659 1134 2709 d'rimo

214 2765 274 2812 dont
283 2763 329 2826 j’ci
343 2763 418 2827 porte,
436 2762 561 2810 consistet
574 2761 685 2809 enecetur
699 2759 728 2807 de
740 2774 778 2807 oee
790 2759 873 2808 choses
887 2762 929 2824 qui
942 2763 1135 2812 non-seulement

214 2874 269 2913 sont
279 2865 383 2929 grandes
393 2871 417 2913 et
428 2864 508 2922 utiles,
526 2864 587 2912 meir
599 2878 685 2911 encore
696 2878 791 2926 grossos
801 2863 830 2910 do
842 2863 982 2922 difficultis,
996 2872 1019 2912 ot
1032 2864 1090 2914 dont
1102 2883 1133 2915 on

214 2984 244 3016 no
257 2968 351 3015 conruit
363 2967 431 3014 venir
447 2969 463 3014 o
477 2966 537 3013 boot
549 2979 605 3012 sans
619 2963 735 3013 husurder
748 2978 775 3012 se
787 2962 883 3012 fortune
900 2973 924 3012 et
941 2981 969 3013 eo
984 2965 1031 3014 vie.
1046 2967 1082 3014 De
1095 2985 1133 3016 ces

214 3068 277 3115 deux
289 3068 400 3131 qualiter,
414 3066 440 3114 ln
453 3065 561 3114 derniere
571 3082 586 3112 a
596 3080 657 3128 pour
669 3065 715 3112 elle
727 3070 779 3112 tout
791 3065 880 3125 l’eclct,
892 3071 958 3113 toute
967 3067 991 3114 lo
1000 3068 1131 3129 grandem,

209 3172 235 3235 je
249 3169 312 3218 dirui
324 3173 402 3217 moure
413 3175 479 3217 toute
491 3168 603 3225 l'utilitr33
621 3169 681 3215 mois
696 3167 721 3214 lo
732 3169 846 3230 premiere
859 3175 895 3216 ert
906 3179 1058 3234 proprement
1074 3174 1134 3221 cello

213 3275 254 3336 qni
267 3274 312 3322 teir
320 3274 356 3322 les
368 3271 458 3336 grands
466 3270 582 3330 hommes,
597 3285 638 3318 car
650 3271 707 3317 c'crt
716 3271 808 3333 elloqui
817 3271 959 3335 produitoes
972 3275 1055 3322 nobles
1066 3277 1132 3323 imus

212 3378 232 3425 si
245 3375 335 3441 pieineo
350 3376 379 3423 de
391 3374 477 3438 mepris
493 3389 553 3437 pour
571 3373 604 3420 les
618 3372 702 3420 choses
717 3374 851 3421 humninos.
868 3375 921 3423 Ello
936 3391 960 3423 se
980 3382 1132 3426 reconnnttn

213 3477 276 3526 deux
286 3478 375 3525 tratre:
391 3492 421 3524 no
434 3476 508 3539 juger
521 3477 568 3523 bon
586 3491 632 3538 que
643 3490 669 3522 ce
682 3475 723 3538 qui
736 3484 772 3523 ert
791 3475 902 3535 hennom,
924 3481 973 3526 otro
992 3492 1088 3545 exempt
1102 3483 1131 3530 dc

212 3589 279 3628 toute
295 3579 401 3642 passion.
421 3577 458 3626 En
470 3576 533 3635 effer,
552 3578 666 3641 mepriser
682 3593 708 3625 cc
725 3579 766 3640 qui
782 3583 860 3642 potnit
872 3580 919 3627 bon
931 3589 954 3627 et
968 3582 1080 3644 glorieux
1100 3599 1131 3632 nn

212 3683 330 3747 vulgrtire,
349 3690 373 3730 et
387 3682 409 3730 lc
421 3680 551 3743 dottatgner
568 3681 640 3729 d'une
656 3681 736 3730 raison
753 3681 827 3729 sermo
844 3690 867 3729 et
878 3689 1012 3744 constante,
1030 3685 1086 3733 c'est
1107 3687 1131 3734 le

212 3800 310 3848 mnrquo
323 3784 394 3831 d’uno
405 3785 459 3831 ssme
474 3783 568 3847 grando
584 3795 607 3831 et
623 3784 697 3842 iortc3
715 3791 840 3847 supportet
856 3785 890 3832 los
905 3786 960 3847 plus
973 3787 1052 3834 cruels
1067 3789 1129 3836 noci-

213 3886 280 3937 ‹ionts
292 3886 320 3935 do
330 3886 402 3936 loric
416 3893 439 3935 et
457 3887 492 3935 les
503 3886 558 3949 plus
573 3885 645 3935 rudes
656 3902 731 3952 coups
744 3887 772 3936 de
788 3888 812 3936 le
826 3888 931 3954 fortune,
945 3904 1001 3938 ecus
1014 3891 1087 3939 eortir
1099 3890 1127 3939 de
