2474 4694
99 816 157 875 its
389 821 426 867 ua
446 822 667 873 ostiensium
689 825 733 870 ur.

102 952 165 1010 qum
179 942 221 992 est
233 952 275 993 ies
289 937 381 994 divina
403 946 432 996 et
455 940 588 1011 bumana3
603 940 649 998 cui
669 956 764 1015 parere
777 941 823 1013 qui
843 941 911 998 uelit
922 943 1029 1014 (omnm

103 1040 194 1089 autem
207 1031 341 1104 parebunt
355 1032 401 1104 qui
418 1034 569 1090 secundum
584 1042 710 1091 naturam
725 1034 816 1092 volent
834 1035 940 1108 vivere)
959 1055 1027 1093 nun-

102 1144 185 1201 quam
197 1129 347 1187 committet
361 1139 392 1186 ut
410 1131 527 1188 alienum
551 1138 673 1207 appetat,
697 1141 724 1189 et
746 1134 774 1189 id
787 1132 862 1206 quod
883 1134 964 1191 alteri
980 1135 1027 1192 de·

103 1225 216 1282 traxerit
228 1226 280 1283 sibi
295 1236 429 1285 assumat.

138 1325 245 1381 Etenim
254 1325 339 1382 multo
354 1325 646 1397 magisestsecundum
660 1327 935 1384 naturamexoelsitae
948 1330 1029 1385 animi

102 1428 130 1478 et
149 1422 318 1495 magnitudo,
342 1424 462 1497 itemque
481 1424 605 1489 comitas,
623 1423 739 1496 justitie,
765 1422 925 1494 liberalitas,
950 1443 1028 1499 quam

103 1521 238 1595 volupiae,
252 1537 333 1593 quam
348 1521 412 1589 vita,
425 1537 505 1594 quam
515 1521 636 1588 divisim
653 1537 715 1593 quae
729 1521 841 1595 quidem
855 1529 1030 1579 contemnere

103 1623 132 1672 et
152 1633 201 1689 pro
217 1617 301 1674 nihilo
317 1617 427 1685 ducere,
452 1626 654 1691 comparantem
671 1634 733 1675 cum
753 1617 868 1673 utilitate
884 1621 1029 1685 communi,

103 1715 192 1786 magni
209 1715 290 1771 animi
306 1723 335 1771 et
354 1715 452 1771 excelsi
471 1724 523 1772 est.
539 1717 684 1773 Detrahere
698 1723 788 1771 autem
802 1715 882 1770 alteri
896 1717 939 1771 sui
956 1734 1030 1772 com·

104 1810 177 1866 modi
189 1826 273 1867 causa
286 1811 373 1882 magis
387 1818 430 1866 eet
443 1819 538 1867 contra
552 1820 677 1868 naturam
691 1827 771 1884 quam
785 1826 865 1876 mors,
884 1828 968 1884 quam
981 1814 1029 1870 do·

104 1906 155 1976 lor,
170 1923 252 1981 quam
265 1915 356 1964 cetera
369 1906 476 1979 generis
484 1907 615 1978 ejusdem.

139 2004 259 2075 itemque
268 2002 556 2075 magisestsecundum
568 2009 694 2061 naturam
703 2020 751 2078 pro
759 2004 884 2063 omnibus
892 2007 1029 2077 gentibus,

104 2100 202 2157 silleri
221 2101 317 2173 possit,
334 2101 530 2159 conservandis
550 2108 598 2158 aut
617 2101 757 2173 juvandis,
778 2101 912 2158 maximos
926 2101 1031 2159 labores

105 2197 295 2270 molestiasque
306 2197 451 2270 suscipere,
468 2196 619 2255 imitantem
632 2197 773 2253 Herculem
786 2197 873 2267 illum,
888 2215 972 2270 quem
984 2198 1030 2254 bo·

104 2294 206 2351 minum
219 2295 289 2352 lama
304 2293 496 2351 beneficiorum
506 2280 610 2352 memor
619 2296 646 2351 in
656 2295 773 2351 concilio
784 2295 937 2351 coelestium
949 2297 1032 2353 collo·

104 2392 186 2463 cavit,
202 2407 284 2465 quam
296 2392 388 2448 vivere
400 2392 427 2448 in
442 2391 599 2461 solitudine,
619 2408 673 2448 non
688 2391 767 2448 modo
780 2392 840 2448 sino
853 2391 917 2449 ullis
930 2392 1030 2450 molus·

105 2665 148 2714 par
159 2650 183 2697 ls
192 2649 273 2697 reiron
284 2649 412 2706 assumile,
422 2647 464 2711 qui
475 2654 512 2695 est
522 2647 548 2695 la
556 2647 589 2696 loi
599 2648 679 2695 divine
690 2655 715 2697 et
724 2646 853 2704 humsiuer
862 2656 886 2696 et
896 2651 1033 2714 quicunque

104 2736 259 2794 l'observers,
275 2735 428 2786 dest-adire
438 2737 575 2799 quinosque
589 2735 680 2784 voudrs
693 2737 760 2785 vivre
771 2736 839 2786 selon
850 2736 877 2785 ls
891 2747 988 2799 nature,
1004 2755 1032 2787 ne

104 2823 209 2873 desinens
228 2825 318 2888 jsmsis
335 2825 358 2874 le
372 2825 429 2873 bien
446 2823 564 2883 d'sutrui,
577 2826 633 2873 biea
650 2825 702 2874 loin
716 2825 745 2873 de
762 2825 786 2874 le
804 2825 907 2889 prendre
926 2844 989 2891 pour
1007 2844 1030 2876 se

105 2914 272 2978 l'approprier.

138 3001 286 3050 L’elevstion
298 3008 323 3050 et
337 3000 363 3050 le
380 3000 503 3064 grandeur
514 3000 605 3060 d’dme,
615 3000 642 3048 le
659 3000 740 3058 boote,
752 3000 777 3048 ln
787 3000 887 3064 justice,
902 3000 927 3049 is
945 3001 1029 3048 libern-

105 3091 155 3148 itte,
167 3097 224 3139 sont
232 3092 289 3138 ssn‘s
303 3088 375 3139 doute
388 3089 429 3137 dee
441 3089 524 3138 choses
536 3089 661 3151 beaucoup
673 3088 727 3150 plue
738 3088 900 3137 conformetis
912 3090 937 3137 ln
947 3100 1030 3138 astura

104 3194 151 3242 que
169 3180 194 3228 ls
215 3180 330 3239 riolrssse,
349 3180 374 3227 ls
389 3179 494 3243 voluptd,
510 3179 535 3226 ls
552 3180 591 3226 vie
606 3168 691 3237 meme,
706 3177 797 3241 qu'une
808 3180 861 3226 ime
875 3178 971 3242 grande
983 3180 1031 3226 doit

104 3267 219 3330 mepriser
235 3277 259 3315 et
272 3275 379 3328 comptor
393 3281 455 3329 pour
469 3268 520 3314 rien
536 3279 566 3313 en
586 3267 753 3327 comparaison
772 3264 806 3312 du
822 3264 877 3312 biea
891 3265 989 3328 publie;
1010 3277 1032 3313 et

104 3369 148 3418 psr
160 3356 185 3403 ls
195 3357 272 3402 meme
283 3353 363 3402 raison
378 3353 519 3416 l'injustice,
532 3353 575 3415 qui
587 3352 632 3400 leit
642 3352 743 3401 euvshir
752 3352 774 3400 le
785 3352 841 3400 bien
853 3351 962 3403 d'sutrui
975 3370 1032 3419 pour

105 3457 134 3490 en
147 3441 259 3507 profiter,
270 3450 307 3490 est
317 3442 371 3505 plus
383 3441 504 3489 connum
517 3442 532 3488 b
543 3440 567 3490 la
579 3450 665 3489 nature
675 3455 723 3504 que
735 3440 761 3488 is
773 3448 846 3500 mort,
859 3440 887 3488 ls'
896 3440 1001 3491 douleur
1011 3452 1032 3491 et

104 3539 184 3580 toutes
195 3531 231 3579 les
244 3537 325 3579 sutres
336 3529 421 3577 ohoses
433 3528 466 3575 du
478 3530 557 3576 meme
567 3543 651 3592 genre.

137 3619 158 3668 Il
173 3627 209 3668 est
224 3632 310 3666 encore
323 3616 378 3664 bien
394 3617 450 3679 plus
462 3615 528 3662 selon
543 3615 569 3662 ls
580 3626 666 3665 nature
681 3614 877 3679 d'eulreprendre
895 3614 925 3664 de
942 3618 1032 3681 grsuds

104 3717 217 3765 uersus,
231 3704 262 3755 de
276 3706 400 3771 s'expoeer
416 3706 431 3752 t
448 3702 477 3751 de
494 3702 600 3767 grandes
613 3704 703 3768 peinee,
723 3720 785 3768 pour
803 3703 921 3764 seeourir,
938 3707 979 3754 s’il
999 3716 1033 3754 eet

104 3798 218 3861 possible,
232 3804 312 3846 toutes
329 3795 365 3844 les
376 3795 482 3854 ustione,
501 3793 654 3856 ltl'exemple
671 3793 837 3849 d’Heroulmd
854 3793 896 3855 qui
914 3793 1032 3858 l'opiuion

105 3885 146 3934 des
156 3886 279 3945 hommes,
288 3884 373 3932 londes
388 3898 431 3932 sur
441 3883 467 3932 ls
477 3883 678 3932 reooansisssuoe
690 3882 719 3929 de
731 3897 769 3931 ses
782 3880 906 3938 bieaisits,
920 3895 935 3927 s
955 3881 1034 3932 donne

105 3977 172 4040 place
184 3984 250 4025 entre
262 3976 297 4025 les
310 3975 393 4035 dieas,
406 3990 453 4040 que
473 3974 504 4023 de
518 3974 584 4023 vivre
596 3975 609 4021 l
624 3972 716 4031 l‘u'cart,
730 3970 813 4036 quand
828 3986 859 4020 on
879 3972 956 4021 sarsit
972 3989 1031 4023 non·
