2474 4694
214 696 272 754 ιιι
518 704 555 748 nn
576 702 695 751 orucus
715 703 799 750 ureun
820 704 844 750 1.

217 821 317 894 pietur;
334 825 435 886 tamen,
453 818 477 872 εἰ
495 816 613 873 solitudo
636 824 712 875 tanta
728 818 764 874 sit
779 825 811 873 ut
823 817 959 874 hominem
978 818 1071 875 videre
1089 834 1143 874 non

216 922 311 995 possit,
324 921 438 977 excedat
449 936 465 976 ε
478 920 544 976 vita.
558 921 745 994 Princepsque
759 923 880 978 omnium
895 924 1025 979 virtutum
1041 931 1084 978 est
1097 923 1144 981 iiia

216 1021 349 1093 sapientia
363 1037 444 1092 quam
456 1020 539 1093 copiae
547 1030 645 1077 vocant
659 1041 666 1077 :
683 1021 855 1095 prudentiam
865 1024 949 1090 enim,
963 1024 1143 1095 quachaeci

215 1123 325 1195 φρόνησιν
337 1122 441 1190 dicunt,
455 1123 536 1181 aliam
548 1124 693 1195 quamdam
707 1124 895 1196 intelligimus3
910 1141 972 1197 qum
993 1132 1034 1180 εει
1053 1142 1143 1180 rerum

215 1225 428 1298 expetendarum
440 1224 683 1298 fugiendarumque
691 1225 816 1283 scientia.
832 1226 880 1282 iiia
891 1233 981 1282 autem
993 1226 1140 1297 sapientia,

216 1339 297 1395 quam
309 1326 459 1399 principem
471 1326 537 1394 dixi,
552 1343 640 1383 rarum
654 1334 696 1383 ert
705 1328 859 1383 divinarum
871 1333 952 1399 atque
965 1328 1142 1381 humanarum

216 1426 387 1491 scientiarin
399 1444 453 1500 qua
466 1429 622 1484 continetur
635 1429 747 1484 deorum
759 1435 788 1484 et
799 1427 937 1483 hominum
952 1428 1141 1497 communitae,

214 1535 242 1583 et
250 1528 367 1584 societas
377 1529 499 1602 ipsorum
511 1530 581 1585 inter
593 1529 678 1601 ipsos.
691 1532 729 1585 Ea
739 1530 886 1586 simaxima
895 1535 946 1597 est,
958 1536 991 1584 ut
1000 1536 1043 1584 εει
1055 1537 1142 1600 certe,

215 1646 326 1687 necesse
342 1639 396 1701 εει,
413 1632 519 1702 quoda
542 1631 737 1687 communitate
756 1631 871 1687 ducatur
891 1631 1018 1702 officium,
1041 1629 1067 1684 id
1082 1645 1143 1684 esse

216 1732 371 1787 maximum.
394 1732 501 1787 Etenim
519 1732 636 1802 cognitio
656 1732 903 1804 contemplatioque
920 1739 1025 1786 naturae
1046 1746 1141 1785 manca

216 1832 333 1904 quodam
347 1834 428 1888 uredo
440 1840 522 1904 atque
532 1833 657 1889 inchoata
672 1833 717 1901 sit,
727 1832 750 1887 si
766 1832 840 1889 nulla
854 1834 924 1889 ectio
939 1849 1027 1889 rerum
1042 1846 1142 1888 conse·

215 1940 323 2004 quatur.
336 1934 374 1989 Ea
387 1935 555 1989 autemactio
567 1934 593 1989 in
607 1933 1142 1990 hominumcommodistuendiemaxima

215 2033 343 2090 cernitur.
360 2034 478 2090 Pertinet
497 2034 579 2105 igitur
593 2035 627 2091 ad
639 2034 796 2092 societatem
812 2034 920 2106 generis
934 2034 1054 2089 humani.
1072 2036 1142 2105 Ergo

216 2136 275 2191 iraeo
285 2134 430 2207 cognitioni
443 2135 632 2209 anteponenda
646 2142 697 2193 εει.
713 2138 802 2209 Atque
814 2137 842 2191 id
851 2135 969 2209 optimus
981 2136 1099 2209 quisque
1113 2152 1142 2192 ra

214 2377 306 2435 netem
320 2375 359 2425 e’il
371 2381 408 2425 εει
426 2373 488 2422 dunc
504 2387 552 2422 une
569 2374 590 2423 εἰ
603 2372 698 2439 grande
712 2373 819 2423 colitude
832 2375 893 2437 qu'ii
909 2390 940 2423 na
957 2375 1037 2439 puiue
1046 2373 1136 2437 jannuii

215 2468 267 2517 voit
279 2481 405 2531 perronae,
419 2466 438 2514 ii
448 2465 540 2514 voudra
552 2466 624 2514 courir
638 2464 668 2513 de
678 2466 703 2513 la
718 2465 764 2520 uie.
776 2466 812 2515 La
825 2466 880 2530 plue
892 2467 963 2515 nobie
976 2466 1004 2513 de
1015 2474 1094 2514 tontes
1104 2465 1140 2513 lec

214 2567 296 2608 vertue
309 2566 346 2607 εει
363 2566 425 2607 εειιε
436 2573 532 2622 sagenae
550 2573 596 2621 qne
612 2559 648 2606 lec
660 2557 736 2608 Gracc
750 2559 873 2623 appellent
885 2566 969 2629 rapiar
984 2575 1026 2623 par
1038 2560 1064 2607 la
1077 2575 1139 2623 pru·

215 2652 297 2710 dauco,
310 2653 383 2715 qu¹iie
402 2657 652 2722 nommentqpo‘eqarq,
667 2668 729 2701 noue
743 2653 877 2701 eutendoue
890 2668 937 2700 une
952 2662 1020 2700 autre
1033 2652 1140 2713 circumit

214 2747 295 2794 euroin
307 2745 333 2794 lt
348 2746 521 2794 oouuniesuuoe
533 2746 561 2792 de
572 2761 598 2793 oe
610 2746 673 2810 qu’il
685 2745 739 2795 saut
750 2748 826 2795 evitet
837 2758 861 2794 ει
877 2746 905 2794 de
924 2761 951 2795 ce
962 2747 1022 2808 qn'il
1035 2744 1089 2794 snm
1100 2763 1138 2795 re-

215 2839 347 2897 chercher;
360 2839 441 2888 tandin
455 2854 502 2902 qua
516 2838 541 2886 la
556 2854 660 2903 negasne,
682 2856 729 2903 que
744 2842 789 2905 j’ai
808 2841 904 2904 appeiee
924 2840 948 2888 lu
967 2841 1085 2903 premiere
1100 2840 1140 2888 des

216 2938 306 2995 vertua,
319 2931 450 2994 eompreud
463 2931 488 2979 la
499 2933 673 2980 connaissance
681 2932 710 2980 do
722 2941 801 2981 tontes
810 2934 844 2981 lea
855 2932 940 2981 choses
950 2931 1045 2979 divinae
1057 2938 1081 2979 ει
1089 2931 1137 2980 hu·

100 3026 108 3043 '
165 3024 167 3029 ’
215 3022 315 3081 matinen,
327 3023 432 3086 laquelle
441 3022 561 3071 reuserme
571 3024 605 3071 les
616 3034 802 3087 rapportaentre
813 3025 847 3072 lea
855 3024 928 3072 dieux
938 3032 962 3073 at
973 3025 1008 3072 lat
1019 3024 1137 3085 hemmae,

214 3129 239 3165 et
249 3117 274 3164 la
284 3115 372 3165 tocia'to
383 3116 424 3164 dee
435 3115 545 3164 hommes
554 3124 620 3164 entre
630 3131 686 3164 aux.
701 3116 744 3174 Or.
759 3118 779 3166 ci
791 3117 836 3165 elie
847 3127 883 3166 εει
895 3119 920 3165 lu
931 3118 986 3181 plue
995 3116 1088 3179 grundo
1097 3117 1138 3165 dea

215 3217 304 3265 verina,
314 3222 407 3256 comme
421 3207 467 3256 alla
480 3207 535 3255 1ἐει
550 3222 607 3254 canc
622 3208 702 3266 doute,
722 3209 740 3256 il
759 3208 860 3257 a'emuit
880 3223 927 3272 que
944 3209 979 3256 lea
991 3207 1085 3256 dcvoire
1096 3211 1138 3272 qui

215 3299 344 3363 regardeut
353 3300 378 3348 ia
389 3299 476 3348 eoeie'te'
487 3298 604 3347 humaine
620 3308 674 3347 cont
684 3299 814 3348 uu-deseue
826 3299 855 3348 dc
866 3307 921 3349 tout
935 3301 970 3348 iot
985 3309 1075 3348 autres.
1090 3300 1138 3350 Cur

216 3391 241 3439 la
250 3391 447 3454 contemplation.
461 3391 486 3439 la
494 3392 667 3441 connaieeanca
680 3391 720 3439 dee
730 3392 814 3440 choeac
826 3391 856 3440 da
867 3393 891 3440 la
903 3401 989 3440 nature
999 3400 1036 3440 εει
1047 3393 1137 3454 impar-

215 3482 272 3531 seito
284 3490 308 3531 ει
320 3483 478 3541 deiectueute.
493 3484 514 3533 εἰ
529 3485 575 3532 elle
586 3483 707 3532 n'ebouiit
722 3486 792 3546 paea
809 3486 918 3545 Paetina,
939 3492 963 3532 ει
979 3485 1078 3533 l'uction
1095 3485 1137 3547 qui

215 3577 250 3626 lui
260 3578 373 3626 convient
384 3577 407 3626 le
420 3580 475 3641 plue
486 3586 522 3627 εει
533 3580 683 3627 εεεετέειεει
698 3578 757 3627 oeile
771 3580 812 3642 qui
831 3595 846 3627 a
862 3580 885 3627 le
899 3580 954 3626 bien
972 3577 1013 3625 dee
1028 3577 1137 3626 hommes

215 3684 275 3733 pour
286 3669 360 3733 objet.
374 3670 504 3733 Lajuetioe
512 3672 648 3735 appartient
659 3671 721 3720 dono
734 3673 788 3737 plue
800 3672 994 3736 specialement'n
1009 3671 1034 3718 la
1049 3672 1137 3719 nooiote'

215 3765 250 3813 du
258 3779 332 3829 genre
343 3763 454 3826 humain,
465 3772 489 3814 et
499 3780 531 3814 on
544 3764 603 3827 doit,
616 3780 676 3829 pour
685 3774 745 3814 certa
756 3766 848 3823 raison,
862 3765 885 3813 la
898 3763 1002 3829 proferor
1014 3766 1029 3812 ia
1040 3765 1065 3812 la
1076 3781 1135 3828 pru·

217 3860 298 3908 donce.
312 3858 376 3912 C'cet
392 3860 455 3909 uinci
471 3874 517 3923 que
534 3866 589 3909 tout
605 3859 641 3909 les
652 3875 712 3925 gana
724 3860 753 3909 de
765 3860 820 3908 bien
834 3874 862 3908 en
874 3859 968 3923 jugent,
980 3865 1004 3907 ει
1016 3859 1069 3907 Ιεει·
1079 3873 1135 3907 cun·
