2474 4694
357 875 411 918 uss
434 874 571 930 usiones,
595 874 677 918 sitne
702 875 729 917 n.
948 861 1006 920 Μ

81 1003 107 1032 so
115 988 166 1046 jum
178 987 350 1048 fucerooptiuio

82 1054 106 1099 in
120 1055 171 1100 foro

81 1119 106 1164 id
116 1118 179 1180 quod
190 1119 315 1167 etiamtum

82 1193 173 1245 poterut
184 1185 293 1234 meditari
304 1186 370 1233 domi

80 1267 135 1298 oum
150 1251 228 1298 laude.

113 1317 181 1365 XIV.
195 1317 250 1377 Sed,
261 1335 337 1382 quum
349 1319 380 1366 sit

81 1384 169 1446 duplex
181 1385 242 1431 rutio
252 1387 377 1441 orationis.

81 1451 105 1497 in
118 1452 193 1497 ultera
202 1466 305 1514 qiierum

80 1518 112 1563 sit
122 1532 209 1572 sermo.

80 1587 104 1629 in
118 1585 195 1630 alteru
209 1584 340 1635 eontentio.

80 1650 104 1695 id
116 1650 211 1711 quidem
222 1667 270 1698 nou
279 1660 315 1697 eet
323 1650 432 1703 dubium.

80 1731 138 1775 quin
152 1718 273 1765 contentio
284 1718 403 1765 orationis

81 1783 159 1828 vitient
174 1783 306 1844 plurimum

80 1856 103 1894 et
113 1848 200 1895 hebent
214 1851 261 1897 vim
278 1852 394 1912 mnjorem

80 1914 110 1960 nd
121 1916 236 1976 gloriam

79 1998 107 2027 eu
123 1992 159 2028 est
173 1984 238 2029 enim

80 2063 153 2109 quem
167 2049 270 2096 dicimus

79 2115 241 2177 eloquentiam
260 2133 266 2159 ι

79 2181 120 2226 sed
133 2190 213 2229 temen

78 2256 115 2293 est
127 2248 224 2295 difficile
237 2249 303 2297 diotu

79 2323 224 2376 quantopere
235 2317 336 2364 comites

78 2378 256 2442 affabilitasque
269 2383 386 2430 sermonis

78 2448 190 2494 conciliet
198 2448 433 2496 onimoshomiuum.

78 2512 183 2560 Exstant
195 2516 311 2576 epistolis,

78 2588 101 2625 et
119 2578 226 2643 Philippi

78 2644 108 2690 nd
118 2647 294 2705 Alexandrum,

78 2722 101 2757 et
116 2713 239 2775 Antipatri

78 2778 109 2824 ed
126 2778 299 2835 Cassandrum,

78 2854 101 2891 et
111 2846 229 2908 Antigoni

78 2911 109 2956 ud
120 2911 259 2975 Philippum
272 2914 360 2969 filiuni,

79 2979 151 3024 trium
169 2980 410 3041 prudentissimorum

78 3047 222 3106 (accepimus
236 3049 300 3094 euim
314 3049 366 3109 sio,

78 3112 166 3173 quibus
178 3114 322 3175 praecipiunt

79 3189 106 3225 nt
119 3179 229 3226 alliciant

78 3245 108 3291 sd
122 3246 311 3295 benevolentiam

78 3313 173 3359 unimus
184 3313 348 3360 multitudinis

77 3378 187 3425 oratione
198 3381 312 3443 benigne.

78 3446 246 3508 delenisntque
258 3449 345 3494 milites

78 3511 222 3573 :inpellendo
236 3513 334 3560 blande.

78 3579 162 3627 Oratio
174 3587 255 3626 etitem

43 3687 46 3692 .
78 3645 434 3708 qiiaehnbeturinmultitudino

77 3730 132 3761 cum
144 3713 305 3768 contentione,

77 3798 104 3829 eo
115 3797 178 3844 ssepe

77 3850 167 3895 excitet
177 3850 321 3894 universum,

76 3915 214 3963 Aduiirstio
226 3914 289 3961 enim

77 3981 179 4028 dicentis
190 3983 285 4042 copioso

77 4052 244 4110 sapienterque

466 986 587 1034 lui-meme
598 985 654 1048 dejis
665 986 724 1034 seire
735 988 849 1037 tres-bien

464 1067 506 1099 sur
517 1052 539 1098 le
551 1052 629 1101 lorum

463 1134 490 1166 oe
501 1133 547 1180 que
562 1120 721 1167 olore-encore

462 1185 481 1233 il
493 1185 591 1246 pouveit
602 1186 694 1234 etudier
707 1202 738 1234 eu
751 1189 813 1251 logis

463 1265 521 1298 eveo
532 1252 616 1309 gloire.

496 1317 563 1366 XIV.
581 1318 653 1376 Meis,
667 1334 759 1367 comme
771 1321 788 1369 il
800 1335 841 1383 ys

464 1398 495 1430 un
508 1383 596 1432 double
607 1385 747 1448 systemede
756 1386 872 1444 discours,

463 1449 523 1497 dens
533 1451 584 1498 l'un
595 1451 704 1514 desquels

461 1525 498 1562 est
510 1517 535 1564 ls
550 1519 773 1579 perois-semitiora,

463 1582 524 1631 dune
536 1585 623 1633 l’uutrs
635 1587 659 1632 le
672 1586 888 1648 parole-eontenue,

463 1651 510 1696 oooi
522 1650 570 1701 'sle
578 1653 653 1700 verite
662 1653 723 1699 n'est
733 1667 774 1714 pes
784 1651 898 1710 demens,

462 1731 508 1776 que
518 1716 542 1763 le
553 1724 712 1767 ton-soutenu
723 1719 756 1766 du
765 1718 875 1766 discours

463 1783 632 1845 soit-puisssut
644 1786 667 1833 le
677 1786 732 1849 plus

463 1858 486 1894 ot
495 1850 529 1895 eit
538 1865 585 1897 nne
598 1851 662 1899 soree
672 1854 727 1915 plus
738 1852 832 1916 grande

463 1930 524 1976 pour
534 1916 559 1962 le
570 1917 663 1981 gloir03

462 1983 520 2028 e'est
535 1999 565 2030 en
577 1983 633 2031 eliot

463 2049 524 2095 celui
537 2064 582 2110 que
596 2066 657 2098 nous
670 2053 784 2114 eppelons

462 2114 605 2175 eloquenoe:

460 2183 520 2227 mois
530 2182 664 2245 oependnnt

463 2247 479 2292 il
490 2255 526 2294 eet
538 2249 635 2298 difficile
646 2254 661 2298 s
672 2253 723 2299 dtre
735 2251 771 2298 du
783 2251 821 2312 (do
832 2250 895 2311 dire)

462 2314 572 2361 couibien
586 2317 610 2362 ls
623 2319 735 2378 politesse

462 2388 485 2426 et
498 2379 632 2428 l'ellsbilitd
642 2383 674 2429 du
688 2382 915 2431 discours-semidei

461 2461 542 2509 pugne
554 2448 588 2494 les
600 2464 680 2496 coeurs
690 2449 731 2496 dee
741 2449 859 2497 hommes.

462 2511 482 2560 ll
493 2514 570 2560 existe
582 2514 623 2561 dos
635 2515 730 2573 lettres,

462 2586 485 2625 et
497 2577 526 2626 ds
536 2579 645 2644 Philipps

462 2646 477 2690 is
488 2647 634 2704 Alexandro,

462 2719 485 2758 et
495 2711 648 2775 d'Antipster

461 2779 476 2824 is
488 2776 633 2833 Cessendre.

461 2853 485 2890 et
495 2844 642 2907 d'Antigous

462 2913 477 2956 is
490 2910 601 2976 Philipps
612 2926 653 2959 sou
664 2909 711 2966 file,

462 2979 522 3024 trois
531 2984 621 3036 princes
631 2976 806 3038 tres-prudente

462 3043 513 3104 (cnr
528 3059 589 3092 nous
599 3048 692 3091 l'svons
706 3041 875 3089 entendu·dire
889 3042 970 3098 sinsin

462 3109 522 3157 dsns
532 3111 660 3172 lesquelles
671 3109 703 3156 ils
713 3112 764 3156 leur
775 3107 971 3156 recommendent

461 3177 534 3238 qu'ils
546 3179 647 3225 sttirent

461 3244 512 3291 isle
527 3245 699 3292 bienveillsnce

461 3310 496 3356 los
507 3326 585 3358 eoeurs
598 3311 627 3358 ds
636 3311 661 3358 le
671 3309 803 3357 multitude

461 3391 505 3438 pur
517 3392 549 3423 un
563 3378 668 3440 lsngsge
677 3376 842 3431 bienveillsnt,

460 3450 483 3489 et
498 3444 570 3504 qu'ils
581 3444 708 3491 olisrment
719 3443 753 3490 les
765 3442 856 3490 soldets

460 3524 489 3556 en
503 3514 551 3557 leur
562 3509 820 3572 odressent-loperole
831 3523 994 3556 eveo-oeresse

461 3575 523 3624 Meis
538 3578 561 3625 le
577 3576 687 3624 discours

461 3644 501 3704 qui
513 3651 551 3691 est
561 3651 618 3691 tenu
629 3643 690 3690 dune
702 3642 808 3704 (desunt)
818 3643 843 3689 ln
859 3640 987 3688 multitude

461 3724 518 3757 sveo
530 3725 563 3757 nn
576 3717 743 3767 ton-soutenu‚

461 3791 488 3823 ce
500 3778 600 3825 disoours
614 3784 715 3824 souvent

461 3846 483 3887 lu
495 3843 590 3891 soulese
602 3843 762 3891 tout-entiisre.
936 3904 940 3913 Ι

460 3909 498 3958 Eu
510 3909 566 3956 effet
574 3910 739 3958 l'edmirution
918 3902 1003 3967 [ussuto

460 3976 581 4038 delpour)
597 3991 630 4022 un
644 3978 729 4022 domme
743 3974 840 4037 pmlnut
856 3971 990 4018 esee-ubon

460 4052 483 4090 ot
497 4055 664 4104 eveo-segesse
