2474 4694
419 825 473 871 ets
494 825 629 882 DEVOlllS,
653 825 736 871 ttvnt
758 827 777 871 l.

130 942 198 1006 quod
208 943 255 992 hoo
268 942 361 991 animal
372 958 448 991 uuum
517 958 563 1005 que
575 952 612 993 oet
623 947 673 992 etre
689 945 741 993 seul

130 1012 206 1058 sentit
217 1009 279 1072 quid
289 1011 321 1057 sit
332 1009 400 1064 ordo,
517 1022 570 1057 rent
582 1026 608 1058 ce
623 1013 701 1074 qu'est
712 1013 807 1071 l'ordre,

130 1076 190 1138 quid
201 1078 234 1124 sit
245 1076 312 1139 quod
324 1076 414 1134 deceat,
517 1092 544 1124 ce
559 1077 635 1138 qu'est
650 1094 675 1125 cc
690 1081 730 1140 qui
743 1081 864 1140 convient,

130 1143 172 1205 qui
186 1143 274 1190 modus
517 1144 597 1205 quelle
609 1160 702 1192 mesure
711 1149 756 1194 doit
768 1155 814 1196 etro

130 1212 156 1256 in
171 1210 243 1257 sactis
252 1209 379 1272 dictisque.
517 1209 578 1256 dens
590 1210 622 1257 les
633 1213 727 1260 actions
736 1222 760 1261 et
769 1215 804 1263 les
814 1212 915 1278 perolce.

130 1274 220 1337 ltaque
517 1275 590 1323 Aussi

132 1344 231 1389 nullum
244 1342 311 1390 aliud
323 1343 414 1391 enimnl
517 1357 597 1389 eucun
609 1348 678 1390 entre
688 1346 828 1395 etro-enimc

131 1409 206 1456 sentit
217 1408 433 1472 pulchritudinem,
517 1422 548 1455 ne
563 1417 616 1456 sent
630 1409 654 1456 lu
666 1410 759 1469 beaute,

132 1485 292 1533 venustatem,
517 1476 541 1521 ln
551 1478 632 1538 grece.

131 1543 328 1589 convenientiam
341 1543 445 1605 partium
510 1542 542 1588 ‘lu
555 1543 693 1604 proportion
712 1543 753 1592 eles
764 1544 853 1607 partius

130 1622 218 1656 eorum
230 1607 345 1670 ipsorum,
518 1606 547 1654 de
557 1623 596 1655 ces
606 1613 673 1668 obicis
682 1613 781 1669 memes,

131 1689 189 1737 qua
201 1676 339 1722 sentiuntur
351 1675 472 1738 adspectu.
519 1674 559 1735 qui
571 1684 625 1721 cont
637 1690 721 1738 percus
732 1693 775 1741 per
786 1678 810 1726 le
823 1692 868 1726 vue

132 1740 215 1801 Quem
229 1740 414 1788 similitudinem
518 1740 633 1802 anuelle
649 1743 729 1806 image

131 1806 284 1854 transferens
296 1808 327 1855 eb
339 1808 416 1856 oculis
519 1806 704 1870 faisant-passer
714 1808 755 1857 des
770 1823 833 1872 yenx

132 1873 163 1920 ed
176 1874 295 1930 culmum,
519 1874 535 1920 e
551 1873 631 1932 l’flme,

133 1948 224 1987 nature
236 1940 345 2002 ratioque
518 1939 543 1986 la
552 1945 637 1987 nature
649 1946 674 1988 et
686 1940 711 1988 le
720 1941 799 1989 rtison

133 2013 206 2068 putet
215 2005 433 2068 pulchritudinem,
520 2020 593 2066 pense
604 2007 628 2053 ln
641 2006 736 2066 beaute,

133 2073 306 2132 contuentium¹
520 2070 543 2118 lt
555 2080 697 2134 constance,

133 2139 245 2186 ordinem
520 2137 608 2184 l'ordre

133 2204 329 2253 conservandum
519 2202 601 2250 devoir
616 2207 665 2252 etre
677 2204 764 2267 gnrdes

135 2273 217 2319 inulto
229 2274 307 2333 magis
321 2269 394 2316 etism
519 2269 644 2333 beaucoup
655 2272 709 2332 plus
721 2286 805 2319 encore

133 2340 161 2385 in
173 2338 283 2385 consiliis
300 2336 432 2399 lectisqu05
521 2334 581 2383 durus
593 2338 628 2384 les
639 2337 742 2385 conseils
754 2344 778 2384 et
788 2339 822 2384 les
839 2337 947 2396 actions;

133 2411 252 2465 cavetque
519 2410 543 2448 et
560 2402 721 2464 prend-garde
983 2411 1058 2471 [urent

134 2486 166 2519 ne
178 2470 253 2518 saciat
263 2468 320 2532 quid
333 2468 446 2517 indecore
519 2469 579 2531 qu'il
599 2484 629 2515 ne
648 2469 709 2516 lesse
721 2469 823 2532 quelque
844 2467 917 2518 cltose
932 2467 1055 2519 homour-

134 2537 321 2595 effeminatam
520 2549 552 2582 ou
569 2535 724 2593 mollement;

135 2612 201 2655 tum.
521 2603 585 2663 puis,

136 2672 161 2718 in
178 2668 292 2718 omnibus
303 2675 327 2718 et
341 2668 495 2732 opinionibus
521 2667 582 2715 dune
598 2674 676 2715 tontes
689 2674 713 2716 et
727 2683 759 2715 m
770 2668 868 2731 pensees

136 2748 160 2784 et
172 2737 256 2794 fectis,
520 2741 545 2783 et
559 2750 592 2781 ees
603 2736 705 2789 actions.

137 2819 166 2850 ne
176 2811 221 2849 eut
231 2800 308 2850 faciut
522 2816 567 2862 que
577 2815 608 2848 ou
620 2801 638 2848 il
648 2816 678 2847 ne
691 2800 753 2848 lesse

137 2880 180 2917 eut
188 2871 281 2932 cogitet
293 2865 352 2930 quid
522 2881 554 2913 ou
568 2868 585 2914 il
598 2881 628 2913 ne
637 2882 708 2929 pense
718 2867 822 2930 quelque
830 2865 902 2915 chose

138 2935 275 2983 libidinose.
522 2932 745 2995 capricieusemeut.

138 3002 176 3051 Ex
191 3002 284 3065 quibus
296 2999 369 3047 rebus
523 2998 662 3060 [lesquelles
673 2999 757 3046 choses

138 3069 260 3117 confletur
271 3075 295 3114 et
308 3064 414 3114 efficitur
521 3079 546 3112 se
559 3065 635 3111 sorrne
647 3073 670 3112 et
682 3080 707 3112 ec
718 3064 812 3128 produit

139 3135 162 3182 id
173 3136 304 3182 honesturn
521 3140 583 3179 cette
594 3129 722 3179 honnetete

138 3201 203 3264 quod
217 3199 350 3264 quoerimus
366 3213 373 3244 ε
521 3212 567 3259 que
579 3213 639 3244 noue
652 3197 801 3246 chercltons:

139 3268 212 3329 quod,
523 3264 635 3326 laquelle,

139 3333 292 3381 etiamsinon
303 3331 333 3378 sit
341 3330 496 3378 nobiliteturn
522 3330 572 3377 lors
581 3333 658 3377 meme
671 3329 757 3392 qu'elle
766 3344 796 3378 ne
807 3329 880 3378 serait
892 3345 934 3392 pus
944 3331 1061 3392 illustret,

139 3410 220 3447 tumen
233 3401 267 3447 sit
275 3397 403 3445 honestum
412 3413 419 3453 ς
522 3396 656 3458 cepcndnnt
665 3398 738 3443 seruit
748 3396 894 3444 l'honnetete
903 3414 911 3453 ς

139 3466 253 3527 quodque
265 3464 369 3512 dicimns
383 3478 445 3520 vere,
522 3471 546 3509 et
557 3463 659 3524 lnquclle
671 3478 732 3509 nous
744 3462 826 3510 disens
838 3463 989 3511 avec-raison

139 3532 236 3579 etiamsi
249 3528 474 3586 landetursnullo,
521 3529 572 3577 lore
596 3531 673 3576 meme
690 3529 778 3592 qn'elle
794 3544 822 3576 ue
846 3532 919 3578 seruit
937 3531 1005 3578 lones
1021 3544 1065 3594 psr

138 3613 189 3645 esse
205 3595 328 3647 laudabile
340 3605 435 3645 nutura.
523 3599 573 3641 etro
585 3594 681 3642 lounble
693 3611 736 3657 pur
745 3606 872 3643 saneture.
924 3597 1063 3663 [personne.

172 3664 206 3712 V.
219 3663 297 3711 Vides
311 3663 417 3726 quidem,
556 3660 588 3709 V.
601 3661 639 3708 Tu
652 3662 702 3708 vois
714 3661 865 3718 lule-verite.

141 3730 221 3778 Murco
232 3730 279 3789 fili,
524 3726 622 3775 Murcus
636 3744 689 3774 mon
702 3727 749 3782 fils,

142 3798 245 3844 formant
258 3798 336 3860 ipsam
526 3795 550 3841 ln
562 3795 638 3840 formo
652 3796 729 3841 meme

141 3874 286 3926 ettunquem
298 3861 384 3910 facicm
391 3859 497 3919 honesti;
526 3869 549 3908 et
560 3874 653 3908 comme
669 3861 693 3907 ln
706 3860 785 3923 figure
795 3859 825 3907 de
842 3859 981 3919 l'honnet03

141 3944 203 3992 qun,
217 3933 236 3977 si
254 3934 394 3978 cerneretur
406 3927 496 3987 oculis,
525 3927 1064 3990 lnquelle,sicllee‘tcitepercueparleeyenx‚

139 4000 264 4058 excitaret,
282 3996 356 4044 nteit
368 3994 447 4056 Pluto,
525 3993 652 4042 excitcrnit
674 4008 767 4042 comme
779 3992 816 4042 dit
826 3991 923 4052 Pluton,

923 4083 937 4135 3
