2474 4694
155 742 192 797 93
450 724 485 769 DE
506 722 627 771 osricus
648 725 731 772 LIBER
752 726 774 772 1.

151 854 265 911 quorum
286 837 424 894 beneficiis
444 840 560 896 maxime
584 841 694 911 obligati
720 858 834 907 sumus;
851 841 964 914 proximi
984 841 1073 908 liberi,

89 970 93 977 ·
153 944 263 1010 totoque
276 937 382 1007 domus,
399 954 461 1010 quae
475 948 580 1011 spectet
594 941 622 995 in
635 955 686 996 nos
700 940 784 1009 solos,
800 957 889 1011 nequo
902 939 976 995 atiud
990 940 1074 995 ullum

151 1044 239 1111 potest
251 1036 352 1091 hethere
372 1038 539 1110 perfugium
553 1040 681 1110 deinceps
703 1039 773 1095 bene
793 1039 988 1095 convenientes
1008 1056 1072 1111 pro-

152 1134 256 1207 pinqui,
272 1134 434 1205 quibuscum
449 1137 600 1191 communis
615 1137 698 1192 ctiam
714 1136 872 1209 plerumque
891 1137 998 1192 fortun-u
1019 1146 1071 1191 est.

151 1230 330 1299 Quamobrem
350 1232 503 1287 neccssaria
524 1232 651 1306 praesidia
669 1235 733 1289 vitae
751 1233 887 1289 debentur
908 1234 940 1288 iis
958 1234 1074 1288 mucium

151 1346 220 1403 quos
240 1336 303 1385 ente
322 1328 392 1396 diri3
413 1330 468 1385 vitu
485 1338 576 1385 cutem
594 1332 738 1402 victusque
755 1330 921 1396 communis,
943 1329 1072 1397 consilio,

152 1440 301 1491 sermones,
321 1424 533 1493 cohortationes,
550 1427 759 1496 consolationes,
772 1427 909 1482 interdum
924 1426 1006 1480 otiam
1026 1426 1075 1480 ob·

150 1524 325 1600 inceptiones,
341 1524 368 1577 in
383 1524 508 1579 amicitiis
520 1525 613 1595 vigent
629 1526 764 1581 maxime:
782 1533 878 1597 estque
891 1540 923 1579 ee
934 1523 1075 1595 jucundis-

152 1624 220 1680 sime
235 1620 364 1686 amicitia,
378 1636 459 1691 quam
475 1622 625 1678 similitudo
637 1639 741 1678 morum
756 1622 919 1694 conjugavit.

186 1719 282 1776 XVHi.
297 1717 360 1783 Sed,
382 1718 408 1771 in
429 1717 471 1771 his
490 1718 613 1773 omnibus
632 1718 728 1775 officiis
750 1718 910 1783 tribuendis,
927 1716 1075 1772 videndum

151 1816 203 1874 erit
216 1814 281 1887 quid
295 1812 394 1885 cuique
408 1814 643 1870 meximenecesse
656 1815 701 1883 sit,
717 1823 745 1870 et
759 1815 822 1886 quid
833 1816 948 1887 quisque
961 1814 1002 1868 vei
1016 1812 1076 1867 sine

152 1912 233 1971 nobis
248 1918 294 1967 eut
308 1910 391 1983 possit
403 1911 534 1983 consequi
547 1920 594 1967 aut
608 1927 660 1967 non
675 1912 773 1986 possit.
782 1914 823 1968 lte
836 1927 889 1966 non
902 1910 982 1966 iidem
996 1918 1076 1964 erunt

153 2007 381 2069 necessitudinum
396 2007 507 2077 gradus,
522 2008 568 2080 qui
581 2016 742 2080 temporum.
758 2010 827 2065 Sunt
838 2007 963 2080 quaedam
977 2006 1076 2075 officio,

153 2120 215 2179 quae
225 2103 286 2161 aliis
300 2104 385 2173 magis
399 2119 480 2175 quarn
496 2105 556 2159 aliis
569 2104 737 2173 debeantur3
752 2112 782 2158 ut
796 2105 915 2160 vicinum
928 2101 1010 2157 citius
1025 2100 1075 2155 ad·

151 2202 254 2278 juveris
265 2203 292 2257 iu
305 2201 427 2272 frugibus
438 2202 619 2274 percipiendis
631 2218 714 2273 quam
724 2208 771 2257 aut
779 2202 889 2257 fratrem
903 2207 950 2255 aut
961 2198 1076 2253 iumiliu·

152 2412 178 2453 et
185 2416 229 2451 nos
239 2400 307 2465 peres
318 2400 434 2453 etmeres.
447 2399 512 2461 isqui
523 2414 585 2446 nous
598 2413 701 2446 sommus
713 2397 852 2446 redevsbles
864 2396 893 2445 de
904 2405 958 2446 tent
970 2396 998 2445 de
1009 2396 1076 2444 bien-

153 2496 222 2551 isitse
236 2494 330 2542 ensuite
341 2489 471 2538 viendront
486 2506 530 2538 nos
538 2489 644 2545 uniente,
661 2498 728 2537 toute
737 2498 806 2539 notre
818 2490 910 2539 semilis
922 2489 963 2554 qui
975 2506 1005 2538 ne
1015 2492 1075 2537 sub-

153 2591 210 2641 siste
223 2602 270 2651 que
281 2602 325 2649 pur
336 2599 398 2632 nous
416 2591 440 2630 et
453 2581 512 2630 dont
524 2598 586 2630 nous
596 2598 700 2630 summes
711 2582 820 2647 l'unique
834 2584 932 2648 refuge;
947 2584 1001 2645 puis
1013 2600 1075 2631 ceux

154 2684 184 2733 de
194 2696 238 2730 nos
250 2677 350 2743 proches
367 2690 424 2723 enoc
437 2676 478 2738 qui
495 2691 556 2722 nous
569 2690 708 2723 convertens
723 2675 752 2722 dc
770 2678 920 2736 sentiments,
936 2686 960 2723 et
977 2676 1036 2723 dont
1051 2677 1076 2724 ln

154 2776 250 2825 fortune
261 2770 281 2817 si
295 2777 396 2816 sourent
407 2768 493 2813 cientis
504 2766 530 2813 le
547 2767 625 2814 ndtre.
641 2766 716 2814 Voilis
730 2782 793 2814 ceux
812 2768 880 2830 oqui
893 2784 955 2815 nous
972 2783 1076 2816 sommus

154 2878 224 2919 tenus
234 2862 263 2911 de
274 2874 389 2925 procurer
401 2858 501 2906 d'sbord
513 2867 568 2907 tous
580 2860 615 2908 les
627 2877 722 2910 secours
735 2863 880 2910 necesssircs
890 2864 904 2910 t
916 2863 941 2910 la
952 2864 1001 2919 rie;
1014 2864 1076 2910 inuis

154 2976 215 3029 pour
225 2972 253 3007 oe
269 2967 404 3004 commeroe
417 2952 502 2999 intime
515 2953 555 3014 qui
572 2953 617 3001 fuit
633 2970 679 3017 que
696 2955 745 3003 l'on
760 2955 794 3003 vit
815 2956 943 3015 ensrmbie,
961 2971 1007 3018 que
1024 2957 1075 3003 l’ou

153 3062 204 3107 met
215 3056 267 3101 tout
282 3064 313 3097 en
330 3060 454 3101 commun,
474 3048 579 3108 penedos,
597 3046 714 3104 discours,
728 3059 951 3112 encoursgoments,
965 3050 1074 3097 console·

154 3152 227 3203 tione,
239 3142 331 3209 purfois
344 3143 423 3187 memo
440 3137 577 3202 reproches‚
590 3140 608 3186 il
619 3142 755 3203 appartient
764 3149 860 3190 surtout
873 3142 1008 3198 indomitis,
1022 3144 1072 3205 qui,

153 3235 289 3303 ioseqn'elle
299 3240 335 3281 est
354 3229 443 3279 etubiie
464 3245 508 3293 per
528 3230 553 3277 lu
574 3230 717 3280 conformitd
735 3234 774 3281 des
789 3232 916 3292 humeurs,
936 3242 973 3283 est
985 3235 1076 3299 ispius

155 3332 230 3383 douoe
241 3328 270 3375 de
281 3332 360 3374 tontes
370 3323 404 3369 les
417 3323 526 3369 socie'te's.

186 3421 279 3479 xvln.
287 3418 358 3475 Meis,
371 3432 401 3463 en
414 3415 570 3479 e'ecquittcnt
583 3417 610 3466 de
618 3427 671 3467 tous
683 3436 721 3466 ces
731 3419 835 3477 devoirs,
845 3420 862 3468 il
873 3420 927 3468 scut
937 3420 1075 3468 considdrer

155 3518 222 3587 queit
231 3522 287 3562 sont
302 3512 337 3559 les
350 3510 446 3557 besoins
464 3511 498 3557 les
510 3511 564 3573 plus
584 3522 706 3577 pressante
727 3512 756 3561 dc
771 3514 875 3572 chacun,
891 3524 915 3563 et
929 3517 979 3563 roir
989 3531 1017 3564 ce
1029 3532 1075 3578 que

156 3612 246 3667 eheertn
258 3614 315 3670 peut
328 3619 360 3652 ou
370 3618 400 3650 ne
409 3610 467 3665 peut
480 3620 523 3666 pes
536 3619 561 3652 se
573 3621 686 3669 procurer
697 3622 754 3654 sens
766 3624 837 3655 nous.
852 3608 922 3657 Ainsi
936 3617 1004 3657 notre
1019 3610 1074 3658 liui-

157 3720 200 3757 ιοι
215 3714 245 3751 ne
260 3712 322 3747 nous
337 3696 417 3758 oblige
436 3712 479 3760 pus
495 3712 526 3744 eu
546 3701 621 3746 meme
637 3700 709 3763 degre
726 3717 772 3763 qus
789 3703 824 3749 ies
843 3704 1029 3751 circonstances.
1052 3703 1074 3752 11

156 3806 193 3851 κ
208 3794 249 3841 des
264 3790 366 3838 services
381 3804 427 3850 quo
443 3790 493 3839 l'on
506 3790 557 3838 dois
575 3806 624 3839 aux
640 3808 686 3840 uus
703 3796 781 3857 plutdt
797 3799 888 3859 qu'aux
908 3808 988 3847 outres
1001 3815 1008 3845 ι
1022 3798 1072 3846 l'on

158 3890 235 3947 ades
246 3900 277 3935 uu
290 3882 367 3931 roisin
377 3881 463 3930 stairo
479 3898 506 3931 sn
522 3885 620 3945 results,
637 3888 716 3949 plutdt
729 3891 803 3953 qu'un
821 3890 884 3941 frere
897 3909 928 3941 ou
951 3908 985 3940 un
1006 3894 1072 3951 erni,
