2474 4694
407 868 459 911 uus
480 865 617 921 orrorru,
640 867 724 912 rrvrr
746 868 786 912 ru.
1003 857 1061 913 507

134 999 190 1031 suos
202 984 343 1032 familiares.

134 1049 187 1112 Ipse
199 1053 265 1097 venit
277 1058 379 1098 mature.

133 1117 208 1163 Videt
219 1117 315 1164 nullutn
328 1118 455 1164 scalmum.

133 1182 226 1243 Quaerit

132 1265 162 1296 ex
176 1250 289 1312 proximo
302 1250 388 1304 vicino,

132 1332 192 1362 nurn
204 1326 282 1364 essent
296 1318 406 1379 quaedam
424 1316 490 1364 serite

131 1384 287 1444 piscatorum,

132 1449 197 1510 quod
210 1449 300 1496 rideret
314 1449 395 1497 nullos
407 1464 456 1497 eos.

135 1534 145 1557 s
158 1515 249 1567 Nullse.
259 1515 325 1577 quod
336 1516 420 1572 selem,

132 1582 213 1643 inquit
229 1582 270 1628 ille
282 1599 289 1637 ς

131 1648 172 1694 sed
186 1648 248 1694 nulli
263 1648 342 1695 solent

130 1715 220 1776 piscari
235 1713 290 1761 hic:

131 1782 213 1841 itaque
221 1779 271 1828 heri
284 1780 390 1828 mirabor

131 1847 190 1907 quid
202 1847 336 1894 accidisset.
350 1867 361 1889 ι

130 1913 388 1961 Caniusstomaclruri.

130 1978 176 2026 Sed
188 1978 247 2042 quid
259 1977 366 2028 feceret?

130 2046 255 2108 Aquillius
267 2047 342 2101 enirn,

130 2126 198 2158 meus
209 2113 304 2175 collega
313 2122 337 2159 et
351 2111 486 2167 familiaris,

132 2178 242 2225 nondum
255 2179 389 2241 protulerat

132 2244 249 2292 formulae
260 2245 289 2291 de
302 2245 358 2292 dolo
370 2244 447 2297 mulo;

131 2312 156 2358 in
171 2312 259 2372 quibus
272 2313 330 2373 ipsis

130 2392 201 2439 quem
212 2388 359 2440 quaereretur
375 2378 405 2424 eb
416 2392 444 2424 eo

131 2443 189 2505 quid
200 2453 260 2490 esset
273 2443 345 2492 dolus
354 2446 442 2499 melus,

132 2509 300 2571 respondebat,

130 2591 206 2637 quum
224 2576 291 2623 eliud

131 2642 272 2688 simulatum
289 2651 360 2702 esset,

130 2709 201 2755 eliud
213 2719 303 2757 sctum.

130 2776 183 2822 Hoc
194 2774 290 2836 quidem

131 2856 188 2887 sane
202 2842 345 2899 luculenter,

131 2915 159 2953 ut
171 2908 201 2953 sb
213 2907 311 2954 homine

130 2974 207 3034 perito
218 2973 356 3021 deliniendi.

131 3038 196 3102 Ergo
208 3047 231 3087 et
245 3039 358 3101 Pythius,

131 3115 155 3153 et
167 3121 251 3153 omues
265 3116 364 3168 egentes
382 3106 458 3163 aliud,

131 3172 273 3224 simulantes
287 3173 363 3229 eliud,

130 3246 187 3285 sunt
198 3239 291 3301 perfidi,
308 3239 419 3301 improbi,

131 3305 254 3352 malitiosi.

130 3370 233 3418 Nullum
245 3372 321 3434 igitur
332 3373 422 3419 lectum

131 3453 216 3485 eorum

131 3511 208 3564 potest
219 3519 270 3551 esse
282 3504 349 3560 utile,

131 3585 206 3631 quum
223 3571 255 3616 sit
267 3571 420 3632 inquinatum

131 3645 166 3683 tot
177 3637 251 3683 vitiis.

164 3703 219 3750 XV.
239 3702 337 3764 Quodsi

132 3767 240 3815 delinitio
253 3769 396 3830 Aquillisns

131 3846 169 3881 est
187 3850 250 3892 rere,

131 3902 255 3949 simulatio
267 3898 475 3962 dissimulatioque

131 3967 240 4014 tollenda
255 3976 291 4013 est
307 3965 414 4014 exomni
428 3968 485 4014 vitu.

132 4033 170 4079 Ite
181 4034 218 4080 rir
228 4034 306 4081 bonus

515 998 552 1030 ses
566 984 637 1031 emis.

515 1049 560 1098 Lui
566 1051 654 1098 -mdme
663 1049 730 1097 vient
740 1049 951 1098 de-bouuolreuro

515 1115 537 1164 11
549 1131 576 1162 ns
586 1117 636 1163 voit
646 1131 739 1163 sucurre
748 1117 848 1179 berque.

516 1182 537 1231 11
550 1184 675 1231 s'inlorme

516 1249 615 1311 duplus
628 1247 715 1312 pruche
728 1248 817 1304 voisin,

515 1315 581 1377 s'ily
595 1316 661 1363 eruit
674 1317 790 1364 certeines
803 1315 862 1363 letes

516 1380 545 1427 de
557 1381 682 1443 pecheurs,

515 1449 575 1510 qu'il
585 1464 616 1496 ns
627 1449 710 1511 voyeit
721 1462 814 1494 aucuns
825 1448 904 1494 d'eux.

518 1532 528 1555 s
549 1515 651 1561 rluouue
665 1529 712 1576 que
722 1512 746 1575 je
764 1512 844 1569 suche.

515 1579 550 1627 dit
561 1581 678 1637 celui-lite

516 1647 577 1693 meis
589 1661 683 1695 suouns
695 1646 884 1694 u’orrteoutume

515 1711 544 1759 de
555 1712 640 1775 peoher
651 1712 683 1761 ioi
695 1729 702 1759 z

514 1779 705 1842 c'eet·pourquoi
717 1777 771 1827 hier
779 1779 805 1841 je
816 1778 961 1825 m'e'tounsis

514 1846 592 1906 quelle
602 1846 674 1894 chose
685 1846 743 1893 etsit
755 1846 853 1893 urrire'e.
864 1862 876 1887 u

514 1912 604 1960 Genius
616 1912 646 1960 de
657 1912 799 1975 s'indiguer.

515 1978 577 2025 Meis
586 1978 738 2041 qu'eureitil
750 1975 811 2026 fuist

515 2045 549 2092 En
562 2044 618 2093 ettet
629 2045 760 2108 Aquillius,

514 2125 571 2158 mou
585 2111 694 2175 collegue
707 2119 731 2158 ot
743 2111 800 2168 suri,

514 2178 607 2225 n’evuit
619 2192 761 2240 pus-encore
776 2174 873 2239 produit

513 2258 545 2289 ter
558 2242 672 2292 tormutss
685 2258 728 2291 sur·
739 2245 762 2291 le
774 2243 812 2291 dol
825 2245 947 2302 maureis3

513 2309 573 2355 dens
585 2310 710 2372 lesquelles
725 2313 815 2356 memes

513 2389 607 2423 comme
618 2392 649 2424 on
661 2375 801 2423 demandeit
812 2374 870 2422 elui

514 2442 569 2501 quel
582 2443 641 2490 eteit
652 2443 675 2490 le
685 2441 723 2489 dol
735 2441 853 2496 menteris,

513 2507 531 2553 il
543 2508 677 2570 rdporrdsit‚

513 2573 653 2636 lorsqu’une
662 2573 733 2622 chose

513 2642 581 2687 eruit
593 2643 630 2689 e'te
643 2641 726 2696 seinte.

513 2721 561 2754 une
574 2717 644 2754 autre
656 2706 727 2755 chose
739 2707 806 2755 l'eite.

512 2774 566 2819 Ceci
578 2775 627 2822 ela
639 2775 711 2821 verite

513 2840 567 2886 e'tet't
578 2845 727 2888 essuremont
736 2841 845 2900 repondrs
856 2838 1006 2899 eludentem,

513 2920 607 2953 comme
622 2922 665 2968 per
677 2923 710 2954 uu
723 2905 820 2955 homme

514 2970 594 3020 habile
605 2974 620 3019 's
631 2972 726 3021 definir.

514 3038 583 3086 Dono
592 3048 616 3087 st
629 3039 741 3100 Pythius.

513 3110 537 3151 et
549 3111 602 3152 tous
611 3120 674 3153 ceux
685 3106 774 3154 lsissnt
787 3119 833 3151 une
844 3104 924 3162 chose,

514 3179 535 3217 st
546 3186 574 3218 sn
589 3172 699 3233 seignent
712 3188 758 3219 une
770 3181 847 3229 autre,

513 3246 568 3284 sont
580 3237 691 3300 perfides,
705 3238 881 3291 mslhonnetes.

513 3303 645 3353 me'eheuts.

515 3370 584 3418 Dono
595 3387 689 3419 aucune
702 3371 781 3419 action

514 3436 585 3484 d'eux

513 3518 541 3549 es
553 3511 610 3565 peut
619 3504 669 3552 stre
684 3503 753 3561 utile,

513 3570 656 3682 pirisqu'eqle
668 3577 706 3648 est
721 3568 822 3618 souillee

530 3644 618 3683 etant
635 3651 648 3683 e
661 3652 733 3684 vrces.

546 3701 601 3749 XV.
620 3700 673 3762 Qus
691 3704 711 3750 si

513 3767 537 3814 le
550 3767 675 3816 definitior
687 3769 847 3830 d’-Aquillius

513 3842 550 3880 est
561 3835 635 3891 truie,

512 3899 538 3946 le
549 3898 623 3948 seinte
631 3910 655 3948 et
667 3901 692 3948 le
702 3900 880 3949 dissimuletiou

514 3965 612 4013 doivent
625 3969 675 4014 ltre
692 3967 792 4015 banuies
806 3967 835 4015 ds
846 3978 911 4016 toute
924 3965 948 4014 lu
961 3967 1004 4016 vie.

512 4032 581 4081 dinei
594 4033 708 4081 l'lumme
717 4033 813 4081 ‹le-bien
