2364 4634
217 800 274 857 602
504 810 540 855 uu
562 809 680 854 linricus
701 808 783 854 uren
805 808 847 853 ιιι.

218 933 268 998 est)
281 931 332 985 alio
345 928 419 984 loco·
437 927 571 1000 pluribus.
583 929 662 983 Nunc
672 925 704 981 ad
716 924 894 999 propositum.
910 922 1125 993 Quemadmodum

218 1035 307 1104 igitur,
326 1033 348 1085 ai
364 1032 474 1103 quande
490 1047 531 1097 ea,
547 1046 609 1103 qum
624 1030 760 1085 videretur
776 1029 890 1098 utilitas,
906 1028 1044 1086 honestati
1059 1044 1127 1101 repu-

217 1141 291 1204 gnat,
314 1133 484 1204 dijudicanda
511 1150 553 1188 res
574 1133 619 1197 sit,
644 1134 710 1188 satis
732 1140 774 1189 est
796 1148 877 1204 supra
896 1132 1075 1204 disputatum.
1091 1131 1129 1187 Sin

216 1244 306 1290 alitem
322 1235 440 1308 speeiem
453 1235 576 1290 utilitatis
588 1235 670 1290 etiam
684 1232 810 1308 voluptas
822 1233 922 1289 habere
935 1232 1052 1301 dicetur,
1068 1230 1130 1289 nulla

216 1349 305 1412 potest
318 1357 379 1396 esse
391 1341 414 1396 ei
427 1356 488 1393 cum
500 1338 640 1393 honestate
659 1339 823 1410 conjunctio.
839 1339 918 1404 Nam,
939 1348 970 1394 ut
989 1339 1132 1395 tribuamus

216 1443 316 1516 aliquid
329 1441 469 1512 voluptati,
484 1440 649 1496 condimenti
661 1440 776 1496 sortasse
790 1439 919 1508 nennilrll,
931 1441 1060 1497 utilitatis
1067 1448 1132 1497 certe

217 1546 281 1600 nllril
299 1545 416 1600 habebit.

252 1645 340 1701 llabes
361 1663 376 1701 a
397 1653 473 1717 petre
489 1661 596 1713 munus,
610 1645 700 1699 llurce
721 1643 770 1710 llll,
795 1657 855 1699 mea
874 1643 985 1715 quidem
1009 1645 1134 1701 sententia

216 1764 356 1818 magnum;
371 1747 417 1803 sed
430 1746 541 1817 perinde
550 1745 600 1800 erit
612 1752 642 1798 ut
652 1745 799 1815 acceperis.
813 1744 974 1815 Quanquam
987 1746 1036 1801 tibi
1048 1747 1073 1802 bi
1085 1754 1135 1801 tres

217 1850 275 1905 libri
288 1849 355 1904 inter
367 1849 486 1918 Cratippi
496 1848 715 1913 commentarios,
726 1854 852 1919 tanquam
867 1847 996 1919 hospites,
1005 1857 1085 1904 eruut
1095 1865 1135 1903 re·

215 1951 342 2022 cipiendi.
353 1950 406 2005 Sed
417 1956 456 2016 ut,
464 1949 487 2004 si
503 1950 560 2021 ipso
574 1949 710 2004 venissem
721 1947 841 2003 Athenas
853 1949 937 2020 (quod
948 1949 1060 2020 quidem
1067 1957 1136 2006 esset

215 2053 326 2117 lactum,
341 2051 390 2105 niel
406 2067 448 2104 me
460 2048 573 2104 emedio
586 2050 685 2103 cursu¹
698 2048 771 2104 clara
784 2065 849 2105 voce
863 2051 950 2122 patria
962 2052 1134 2121 revocasset),

215 2150 362 2222 aliquando
377 2166 420 2206 me
435 2165 544 2221 quoque
559 2149 675 2214 audires,
692 2151 743 2216 sic,
758 2151 886 2221 queniam
900 2149 942 2206 his
955 2150 1136 2207 voluminibus

215 2253 248 2310 ad
262 2264 288 2309 te
302 2253 419 2326 prolecta
434 2268 484 2307 vox
498 2259 539 2306 est
550 2267 621 2316 mea,
638 2252 740 2306 tribues
753 2251 795 2306 his
808 2254 938 2324 temporis
947 2263 1083 2326 quantum
1095 2273 1138 2328 pe

215 2359 279 2413 teris
297 2373 304 2410 :
319 2357 421 2429 poteris
439 2361 530 2410 autem
549 2361 680 2426 quantum
699 2353 785 2411 voles.
798 2356 885 2423 Quum
900 2371 965 2411 vero
983 2358 1138 2414 intellexero

214 2607 281 2642 autre
291 2608 405 2656 ouvrage.
424 2592 550 2640 &venons
568 2593 583 2639 δ
599 2598 668 2639 notre
683 2590 756 2652 objet.
770 2590 837 2639 Nous
848 2606 923 2640 avons
942 2591 989 2641 leit
1004 2608 1074 2642 usses
1085 2596 1137 2643 voir

213 2688 268 2751 quel
281 2687 341 2749 parti
355 2686 403 2734 l'ou
420 2686 471 2733 doit
487 2684 589 2748 prendre
608 2685 748 2746 lorsqu'une
764 2692 895 2748 apparente
913 2684 994 2733 utilite
1009 2702 1037 2735 se
1055 2695 1138 2736 treme

213 2781 334 2829 contraire
349 2783 363 2827 a
377 2780 508 2828 l'houudte.
522 2779 606 2840 Quasi
621 2779 668 2827 l'on
685 2778 783 2841 pre'teud
800 2779 859 2841 qu'il
871 2796 888 2843 y
900 2795 916 2826 a
931 2778 991 2827 daus
1002 2781 1028 2829 la
1041 2783 1137 2847 volupte'

213 2875 316 2937 nivetque
334 2888 467 2936 apparenoe
487 2872 608 2933 d’utllitd,
628 2872 674 2919 elle
693 2887 722 2919 ue
739 2880 795 2934 peut
810 2870 843 2918 dn
856 2872 936 2919 meins
952 2874 1022 2923 avoir
1033 2875 1086 2923 rien
1108 2874 1137 2921 de

212 2982 326 3014 commun
346 2982 404 3013 aveo
419 2965 549 3014 l'honnere.
562 2964 605 3012 S'il
618 2963 670 3010 faut
682 2963 836 3011 absolumout
850 2963 885 3012 lui
903 2965 1017 3014 eceorder
1032 2969 1137 3030 quelque

212 3058 293 3113 chose,
313 3072 376 3104 nous
394 3055 477 3104 direus
494 3055 581 3119 qu'elle
592 3062 628 3103 est
641 3069 735 3103 comme
751 3054 976 3106 l'assaisonuemeut
995 3057 1039 3106 des
1055 3070 1137 3106 autres

211 3152 289 3209 biens,
301 3151 361 3198 meis
371 3150 458 3213 qu'elle
468 3150 507 3197 n'e
519 3166 563 3213 pas
573 3149 677 3197 d'utilite
688 3164 731 3211 per
742 3148 888 3198 elle-meme.

246 3244 326 3299 Velle,
338 3258 394 3290 mou
406 3242 464 3290 oher
473 3239 521 3301 fils,
533 3243 554 3289 le
563 3244 659 3306 present
668 3255 714 3303 que
722 3240 811 3302 j'evels
823 3244 905 3289 iveris
916 3240 986 3289 seire·
999 3238 1030 3287 de
1041 3242 1066 3291 le
1073 3242 1136 3291 crois

212 3339 240 3384 do
254 3336 395 3399 tres-grand
408 3335 479 3398 prino
494 3338 555 3384 mais
567 3350 627 3398 pour
636 3350 696 3383 vous
709 3351 735 3383 ee
748 3334 802 3397 prix
816 3335 939 3399 ddpeudra
952 3335 1016 3385 dela
1027 3340 1135 3387 meniers

212 3429 271 3477 dont
283 3444 342 3477 vous
354 3430 377 3477 le
388 3445 505 3478 recovrer.
517 3430 547 3480 de
560 3445 619 3476 vous
630 3431 680 3492 pris
697 3430 808 3490 toujours
821 3428 960 3478 d'eceorder
974 3431 1136 3494 l’hospltalite'

212 3526 278 3571 teas
295 3525 353 3570 trois
364 3524 447 3580 livres,
464 3525 543 3586 parmi
565 3524 599 3571 les
614 3539 734 3587 ouvrages
753 3522 782 3570 de
793 3523 914 3586 Cratippe.
932 3524 957 3573 si
971 3523 1055 3588 j'e'tais
1071 3542 1134 3574 veuu

212 3632 270 3665 vons
282 3626 380 3666 trouver
395 3618 534 3679 iAtheues,
548 3626 572 3666 et
581 3618 606 3679 jo
615 3618 716 3666 l’aurais
732 3619 907 3666 certaiuemeut
918 3618 964 3666 leit
980 3619 1001 3667 sl
1017 3621 1041 3667 la
1057 3623 1135 3684 patrie

211 3712 348 3759 uem’avait
359 3713 455 3776 rappeld
465 3715 481 3760 lt
491 3711 565 3759 haute
574 3712 630 3760 voix
644 3729 675 3760 atr
687 3712 770 3761 milieu
781 3711 810 3759 de
820 3728 861 3760 ma
871 3728 966 3774 course,
980 3729 1040 3761 vens
1053 3715 1133 3762 m‘au·

213 3806 261 3851 riez
270 3805 376 3852 entendu
388 3806 539 3868 quelquslois
551 3806 625 3853 aussi.
638 3806 675 3855 Eli
687 3805 751 3865 bien,
765 3807 858 3854 donner
868 3809 931 3855 dces
943 3808 1025 3866 lieres,
1038 3822 1133 3858 comme

211 3899 225 3943 'e
240 3895 281 3943 due
294 3897 433 3960 iuterpretes
444 3898 474 3947 de
483 3915 533 3947 mes
543 3901 655 3962 penedes,
670 3907 722 3948 tout
742 3901 764 3948 le
780 3908 857 3964 temps
880 3916 926 3963 que
941 3916 1001 3949 vous
1016 3903 1133 3951 m'auriea

211 3992 332 4045 ouusncrd.
344 4001 367 4038 et
377 4007 435 4041 vous
448 4009 548 4056 pourrea
557 4010 586 4042 en
595 3994 686 4042 donner
698 4000 784 4041 avolant
793 4009 838 4056 que
848 4010 907 4043 vous
919 3993 1032 4044 voudrez.
1042 3995 1129 4057 viaud
