2474 4694
404 836 457 882 nes
476 833 609 891 naiores,
632 830 716 879 arras
737 831 769 878 u.
987 816 1047 877 27⁷

130 957 253 1021 Sapientia
265 961 354 1014 antem,

130 1034 158 1072 nt
172 1023 298 1071 definitum
312 1030 348 1071 est

129 1106 144 1137 a
158 1091 277 1138 veteribus
292 1086 448 1152 philosophis,

130 1164 165 1203 eet
176 1158 276 1203 scientia

130 1238 209 1270 rerum
226 1222 363 1270 divinarum

129 1297 153 1335 et
165 1289 337 1345 humanarum,

128 1369 303 1418 causarumque
317 1353 404 1415 quibus

129 1420 166 1468 hae
177 1437 215 1468 res
226 1421 381 1468 continentur
392 1436 398 1465 :

130 1489 200 1547 cujus

129 1555 169 1614 qni
182 1555 303 1615 vituperat
311 1551 426 1608 studium,

128 1618 194 1668 hand
206 1620 317 1683 intelligo
329 1632 386 1669 sane

130 1686 246 1747 quidnam
259 1686 290 1732 eit

129 1751 193 1813 qnod
210 1757 277 1813 putet
291 1749 448 1798 laudandum.

128 1817 190 1865 Nam
205 1817 254 1863 sive
265 1817 393 1864 oblectatio
408 1815 483 1863 animi

129 1883 269 1944 requiesque
281 1898 396 1931 curarum

128 1950 252 2011 quaeritur,

128 2031 182 2077 qnae
192 2022 268 2078 potest
281 2014 385 2062 conferri

129 2098 185 2129 curn
203 2080 288 2128 studiis
302 2095 384 2129 eorum

128 2147 170 2209 qni
182 2162 277 2209 semper

129 2215 262 2276 anquirunt
273 2211 364 2275 aliquid

129 2280 192 2341 quod
208 2287 300 2341 spectet
309 2278 433 2340 valeatque

129 2345 159 2392 ad
170 2345 298 2393 vivendum
309 2344 370 2392 bene

130 2408 264 2473 beateque?

129 2481 179 2526 sive
193 2478 255 2525 ratio

129 2545 272 2591 constantiae
284 2541 427 2604 virtutisque

130 2610 236 2666 ducitur,

130 2684 172 2724 aut
183 2676 236 2725 haeo
247 2683 284 2723 est
295 2690 344 2729 ars,

130 2751 172 2790 aut
185 2743 252 2789 nulla
266 2742 373 2795 omnino,

131 2824 171 2870 per
182 2823 253 2869 qnam
266 2821 423 2868 assequamur
432 2820 481 2853 eas.

132 2876 217 2923 Dicere

130 2957 180 2988 esse
192 2940 284 2987 nullom
300 2944 376 2985 artem

130 3022 210 3053 rerum
220 3006 393 3063 maximarum,

130 3088 205 3134 quum
220 3072 289 3119 nulla
301 3071 456 3117 minimarum

130 3140 162 3186 sit
173 3139 224 3185 siue
234 3148 291 3194 arte,

130 3212 166 3252 est
178 3205 304 3251 hominum
317 3202 465 3265 loquentium

131 3286 215 3332 parum
228 3270 382 3326 considerate,

130 3345 200 3398 atque
213 3338 345 3384 errantium

131 3403 154 3449 iu
168 3404 240 3449 rebus
254 3402 377 3449 maximis,

130 3469 153 3515 Si
165 3476 244 3515 autem
261 3475 296 3514 eet

130 3535 213 3596 aliqua
232 3534 358 3595 disciplina
375 3532 481 3594 virtutis,

131 3602 171 3647 ubi
184 3614 212 3647 ea
224 3610 353 3661 queretur,

130 3681 204 3727 quum
217 3666 351 3713 discesseris

129 3733 215 3778 abhoc
227 3747 314 3795 genere
327 3730 454 3780 discendi?

130 3798 176 3845 Sed
188 3797 247 3855 haec,

130 3880 203 3925 quum
217 3863 372 3912 cohortamur

130 3931 161 3976 ad
173 3927 358 3992 philosophiam,

130 3996 209 4044 solent
219 3995 335 4058 disputari

507 953 542 1004 Or
553 954 579 1001 le
591 967 695 1015 sapesso,

506 1035 598 1069 comme
608 1023 655 1066 celo
666 1035 682 1067 a
691 1019 728 1066 ete
737 1015 809 1065 deant
842 1032 845 1039 ¹

507 1102 551 1149 par
561 1088 597 1134 les
606 1087 704 1133 enciens
717 1083 880 1148 philosophas,

507 1161 543 1200 est
554 1154 578 1200 la
588 1152 681 1199 science

507 1220 547 1267 des
558 1218 642 1267 choses
653 1218 746 1266 divinet

508 1293 531 1332 et
544 1285 681 1347 hormines,

507 1361 531 1399 et
542 1353 582 1401 des
593 1366 676 1399 causes
690 1349 750 1399 dans
761 1349 888 1412 lesquelles

508 1433 546 1465 ces
557 1419 641 1466 choses
652 1423 707 1465 sont
715 1423 860 1465 contenues:

508 1484 537 1530 de
550 1485 653 1547 laquelle

507 1551 569 1598 celui
582 1551 624 1613 qui
636 1550 715 1597 bltme
727 1548 824 1607 l'etude‚

504 1616 530 1678 je
543 1632 572 1665 ne
585 1616 726 1679 comprenda
740 1630 783 1679 pas
797 1613 945 1662 essnrement

507 1684 586 1744 quelle
597 1682 668 1730 ohoee
678 1688 715 1730 est

507 1750 566 1810 qu’il
580 1764 652 1811 pense
665 1747 747 1796 devoir
758 1750 808 1795 etro
821 1747 898 1796 lones.

507 1816 554 1863 Car
564 1815 611 1863 soit
622 1816 697 1877 qu'un
711 1821 861 1862 amusement
871 1812 901 1861 de
912 1810 1004 1875 l'esprit

507 1889 531 1927 et
543 1897 575 1928 un
589 1897 659 1943 repos
671 1880 712 1928 des
727 1881 806 1928 souois

508 1947 556 1995 soit
564 1946 675 2006 chemht,

507 2013 584 2075 lequel
597 2021 653 2077 peut
663 2016 713 2061 ttre
723 2014 835 2076 compare

506 2094 564 2127 aveo
572 2080 607 2128 les
617 2079 701 2128 etudes
712 2079 741 2127 de
752 2093 814 2128 ceux

506 2146 548 2206 qui
563 2147 673 2207 toujours

506 2210 636 2260 chorchent
648 2212 752 2275 quelque
762 2211 835 2261 ohose

507 2277 548 2338 qui
560 2279 711 2327 ait-son·but
718 2285 742 2326 et
752 2277 904 2326 uites-soros

508 2359 568 2405 pour
577 2345 643 2391 vivre
653 2345 708 2391 bien

507 2419 531 2457 et
545 2408 745 2458 henreusement?

507 2476 554 2523 soit
565 2477 640 2538 qu'un
654 2478 757 2538 systeme

506 2541 535 2588 de
544 2551 672 2591 constance
685 2550 709 2591 et
722 2542 751 2590 de
765 2548 832 2592 rertu

507 2608 554 2656 soit
563 2608 656 2665 denuit,

507 2689 539 2722 ou
550 2675 608 2723 o'est
621 2679 645 2722 at
656 2675 721 2730 l'art.

507 2755 537 2787 ou
549 2757 628 2789 aucun
637 2750 674 2788 ort
685 2743 780 2789 n'ecs'ste
790 2739 952 2800 absolument,

508 2822 550 2856 nar
562 2808 640 2870 lequel
651 2823 711 2856 nous
719 2808 841 2870 puissions
850 2807 968 2857 atteiudre
978 2805 1042 2855 elles.

507 2872 566 2921 Dire

507 2943 556 2987 atre
567 2940 638 3002 a‘qn'il
652 2938 694 3003 n'y
706 2942 730 2997 a)
742 2954 822 2988 aucun
837 2946 876 2989 ert

507 3005 549 3053 des
557 3007 640 3054 choses
651 3008 687 3054 les
698 3007 753 3068 plus
764 3007 875 3069 grandes,

508 3072 602 3134 lorsque
614 3087 707 3120 aucune
719 3072 761 3120 dce
774 3074 829 3137 plue
842 3074 926 3136 petitae

508 3140 568 3186 n'est
578 3155 635 3187 sens
646 3147 693 3200 art,

507 3213 544 3251 est
554 3210 574 3252 ts
583 3211 624 3267 [cit
637 3205 770 3253 d'hommes
781 3206 822 3268 qni
834 3207 929 3270 perlent

508 3286 552 3333 peu
564 3271 760 3330 avec-reflexion,

507 3339 582 3400 etqui
596 3354 621 3385 ee
633 3346 754 3400 trompent

507 3403 567 3452 dans
579 3405 612 3452 les
621 3405 706 3453 choses
714 3404 748 3453 les
757 3404 811 3468 plus
821 3402 932 3468 grandes.

507 3469 569 3517 Mais
578 3471 616 3518 s'il
629 3472 705 3518 existe

507 3537 608 3599 quelque
617 3538 798 3600 enseignement
808 3533 838 3581 de
848 3535 874 3581 le
883 3541 961 3589 verta.

507 3604 538 3649 ou
551 3612 589 3650 cet
600 3607 760 3661 enseiqnemeat
773 3601 880 3649 seret-il
893 3600 1003 3657 cherche.

507 3669 588 3730 quand
603 3677 629 3716 tu
640 3677 664 3716 te
673 3683 738 3716 serae
748 3667 843 3725 e'loipue

507 3736 535 3782 de
548 3750 574 3782 ce
585 3750 659 3796 genre
673 3732 831 3797 d'apprendte
845 3730 981 3796 (d'etudell

506 3801 568 3848 linis
583 3817 620 3847 cce
635 3800 729 3854 choses.

505 3867 601 3928 lorsque
613 3882 673 3914 nous
683 3866 815 3914 exhortons

507 3935 521 3979 a
533 3933 556 3979 la
569 3931 727 3996 philosophie,

508 4007 677 4048 out-contume
688 3998 762 4048 d'etre
771 3998 866 4048 treittee
