2364 4634
122 798 179 856 sot
408 807 442 850 ne
464 805 582 850 urricus
602 806 685 851 turen
708 806 751 851 ιιι.

120 938 203 993 quum
216 922 242 975 iu
261 921 355 977 eadem
369 936 449 977 eeuss
465 932 550 991 esset,
560 922 730 995 deprecante,
745 932 860 996 acceptu
873 923 917 981 lex
934 943 985 982 nun
996 936 1039 985 est.

120 1027 280 1097 ilicesque
291 1026 433 1083 videbatur
443 1027 544 1083 utililas
554 1027 617 1102 plus
628 1029 713 1084 valuit
722 1044 805 1100 qttntn
817 1029 967 1098 honestas3
978 1034 1040 1105 apud

120 1133 280 1203 superiores,
303 1134 425 1190 utilitatis
445 1135 550 1206 species
570 1134 636 1191 laiss
658 1135 693 1191 ab
709 1134 864 1193 honestatis
887 1141 1040 1195 auctoritate

120 1246 246 1310 superata
261 1246 312 1295 est.

156 1346 192 1401 tt
206 1362 258 1401 non
271 1346 365 1401 debuit
377 1354 464 1401 return
481 1363 543 1403 esse
557 1347 628 1420 quud
643 1356 701 1404 eret
714 1356 805 1403 sctum
819 1364 869 1420 per
884 1351 952 1407 rim.
966 1352 1043 1421 Quasi

122 1467 185 1506 vero
194 1452 255 1506 lorti
268 1452 326 1505 uiro
337 1452 379 1505 vis
392 1454 478 1524 possit
490 1453 621 1508 adhiberi.
634 1454 687 1509 Cur
701 1454 781 1525 igitur
794 1454 827 1510 ad
841 1465 972 1513 senatum
987 1474 1044 1531 pro·

122 1558 298 1623 ficiscuntur,
316 1574 397 1629 quum
414 1559 565 1629 praesertim
584 1557 619 1615 de
636 1560 750 1632 captivis
766 1561 945 1619 dissuasurus
958 1563 1044 1619 esset?

121 1663 197 1732 Quod
210 1664 352 1718 maximum
368 1662 394 1715 in
409 1677 441 1716 eo
455 1669 507 1729 est,
520 1661 547 1716 id
562 1663 770 1735 reprehenditis.
787 1667 848 1721 Nou
863 1669 939 1724 eninr
949 1672 1044 1742 suoju·

121 1768 193 1823 dicio
207 1769 290 1830 stelit,
305 1768 351 1822 sed
365 1768 486 1839 suscepit
497 1783 616 1832 causum,
639 1776 669 1823 ut
688 1776 761 1825 esset
772 1770 910 1842 judicium
923 1782 1042 1838 senalus;

122 1879 165 1932 cui
187 1878 236 1932 nisi
256 1877 315 1948 ipse
333 1883 426 1931 auctor
446 1876 552 1946 luisset,
569 1878 668 1949 ruplivi
690 1878 810 1950 prolecto
837 1879 930 1936 Poenis
950 1881 1043 1936 redditi

122 1991 223 2038 essent.
238 1984 277 2037 lta
293 1983 435 2038 incolumis
451 1985 477 2038 in
493 1985 580 2055 patrie
595 1985 713 2057 Regulus
727 1985 877 2042 restitisset.
892 1987 971 2054 Quod
984 1990 1044 2059 quie

123 2089 217 2159 palriae
230 2104 282 2142 non
296 2088 361 2143 utile
376 2090 489 2159 putarit,
504 2089 602 2145 ideireo
617 2089 669 2146 sibi
685 2089 830 2145 honestum
845 2097 874 2146 et
886 2094 990 2147 sentire
1002 2092 1044 2147 ille

123 2204 150 2251 el
165 2197 219 2268 peti
231 2194 356 2253 credidit.
369 2197 436 2250 Nam
449 2197 519 2268 quod
535 2198 619 2259 aiunt,
634 2196 707 2267 quod
718 2196 798 2251 valde
810 2196 877 2253 utile
891 2198 937 2267 sit,
950 2199 978 2254 id
991 2197 1044 2254 fieri

125 2301 276 2371 honestum,
290 2303 343 2357 irno
356 2319 420 2358 vero
433 2319 501 2368 esse,
517 2319 569 2357 non
584 2303 652 2357 lieri.
663 2303 709 2357 Est
717 2301 789 2357 enim
803 2301 869 2356 nihil
884 2303 963 2373 utile,
976 2303 1043 2376 quod

124 2531 211 2586 blsble.
228 2530 345 2578 demenda
357 2534 429 2594 grdee
438 2537 462 2578 et
474 2531 501 2578 tit
511 2530 630 2593 rejeterls
644 2529 686 2578 lui.
705 2529 770 2578 Pour
784 2544 811 2577 oe
821 2529 928 2587 dernier,
941 2547 989 2580 une
1001 2548 1041 2596 sp-

125 2643 226 2689 pureuce
238 2628 342 2676 d’utitttt
358 2628 485 2690 l'emporte
498 2643 541 2675 sur
554 2628 691 2684 l’ltonnete,
704 2626 784 2674 tundis
796 2642 857 2689 qus,
871 2643 934 2691 pour
947 2630 982 2678 les
993 2644 1042 2693 pre-

125 2727 207 2781 miere,
220 2725 342 2774 l'honuele
352 2727 479 2789 l’empurts
491 2742 533 2774 sur
543 2726 568 2773 ls
578 2725 657 2774 fauste
671 2740 804 2789 apprrenee
816 2726 845 2774 ds
856 2727 965 2776 l'utillttl.

159 2823 230 2882 Meis,
245 2823 337 2883 dit-on,
351 2824 374 2870 le
383 2831 488 2872 serment
500 2823 529 2869 de
543 2823 652 2886 Regulus
663 2825 722 2871 etsit
735 2824 787 2879 nul,
800 2824 915 2887 puisqu’il
935 2827 971 2874 lui
983 2827 1045 2874 ausit

124 2922 161 2968 dld
172 2921 272 2970 srrschd
289 2938 332 2985 pur
346 2923 371 2968 ls
384 2922 457 2969 fores.
473 2921 572 2970 Corntne
589 2923 608 2968 si
626 2922 650 2969 le
667 2922 732 2969 force
746 2923 844 2984 pouvsit
858 2923 965 2986 quelque
976 2925 1045 2973 chose

126 3032 167 3064 sur
186 3033 218 3064 un
238 3018 316 3080 grand
339 3019 418 3066 coeur!
442 3018 504 3065 Meis
527 3019 646 3081 pourquoi
660 3021 728 3066 venir
744 3034 797 3066 vers
816 3019 840 3067 le
861 3022 939 3080 senet,
964 3020 1044 3069 dit-ou

125 3127 219 3170 encore,
233 3114 271 3161 s'il
284 3114 375 3162 n’nvsit
384 3129 427 3176 pes
439 3114 532 3161 d'nutre
544 3114 634 3162 eonseil
646 3116 660 3160 it
670 3113 761 3162 donner
768 3128 813 3176 que
825 3112 854 3161 de
865 3130 896 3162 ue
906 3131 950 3178 pes
962 3117 1046 3165 rendre

125 3211 160 3256 les
173 3208 338 3272 prisonniers?
354 3209 417 3258 C'est
428 3211 451 3256 le
462 3209 554 3257 bldmer
572 3209 601 3257 de
614 3225 640 3257 ce
658 3209 716 3273 qu'il
730 3225 747 3272 y
765 3208 824 3257 ede
838 3210 893 3272 plus
908 3211 973 3259 been
988 3213 1045 3259 daus

127 3323 169 3355 ron
184 3307 304 3356 actiontt
315 3322 344 3353 ne
357 3308 441 3354 voulut
453 3322 495 3370 pes
513 3307 562 3353 s'eu
581 3307 644 3354 tenir
660 3310 674 3354 it
692 3322 734 3354 son
747 3307 884 3370 jugement,
903 3309 969 3356 meis
989 3311 1005 3356 il
1024 3326 1046 3357 se

126 3404 231 3468 chsrgee
245 3404 273 3452 de
283 3411 343 3452 celte
355 3404 456 3452 mission
469 3419 529 3468 pour
543 3403 629 3451 lsisser
639 3404 664 3452 ls
675 3403 780 3451 ddeision
792 3418 823 3452 su
837 3405 915 3467 senet,
927 3408 981 3471 qui,
992 3422 1047 3455 saus

125 3502 264 3551 l'iufluenee
275 3502 304 3549 de
316 3515 359 3549 sou
374 3504 487 3559 antonini,
502 3503 544 3549 edt
556 3501 728 3549 certeinement
744 3501 821 3549 rendu
836 3501 873 3549 les
887 3504 1044 3564 prisouniers.

125 3599 234 3662 Regulus
246 3599 310 3647 ulors
319 3599 418 3660 pouvuit
428 3604 502 3645 rester
514 3597 565 3644 snio
578 3604 601 3644 et
612 3597 670 3645 snul
678 3595 739 3644 dens
749 3612 776 3645 ss
785 3600 869 3659 petris.
883 3599 1048 3649 ttaiseomme

126 3696 144 3743 il
157 3696 252 3759 croyait
263 3711 309 3759 que
320 3710 347 3743 ee
356 3694 440 3742 n'dteit
452 3709 495 3756 pes
506 3695 566 3742 utile
579 3697 629 3742 sss
641 3694 726 3758 petris,
741 3695 758 3742 il
769 3702 856 3742 trouve
866 3695 971 3744 honeste
981 3697 1047 3745 d'ou·

127 3792 177 3841 urin
189 3792 259 3839 t’svis
271 3794 330 3855 qu'il
340 3794 420 3840 ouvrit
429 3799 452 3840 et
463 3791 491 3840 de
499 3807 524 3839 se
533 3794 643 3855 resignet
652 3807 682 3838 uu
690 3792 804 3855 supplice.
815 3791 855 3842 On
865 3793 948 3855 sjouts
955 3795 1047 3856 qu'une

127 3890 198 3938 chose
212 3889 253 3952 qui
271 3897 307 3937 est
323 3891 446 3937 tres-utile
458 3888 554 3937 devient
573 3889 690 3948 honndtep
704 3891 719 3937 is
732 3889 788 3952 quoi
800 3889 825 3952 je
841 3890 945 3953 repende
958 3891 1047 3953 qu'ells

126 3995 162 4038 est
172 3986 285 4043 bonotto,
298 3986 361 4034 mnis
373 4000 403 4034 ne
411 3987 435 4035 le
449 3985 544 4034 devient
553 4001 604 4050 pes.
616 3986 652 4037 En
664 3985 730 4049 eliel,
740 4000 787 4034 une
799 3984 870 4034 chose
879 3986 919 4049 qui
933 3987 995 4035 n’est
1004 4002 1047 4051 pst
