2474 4694
233 735 287 790 132
529 735 565 780 DE
585 732 704 781 OsslCllS
725 731 809 777 lealt
831 731 851 776 Ι.

231 857 314 929 ldque
326 860 370 910 eet
386 852 436 910 vin‘
450 853 550 925 magni,
568 851 651 908 rebus
665 850 782 923 agitatis,
798 848 896 923 punire
907 856 1011 915 sontes,
1027 850 1153 905 multitu-

230 968 321 1023 dinem
335 982 505 1033 coneervare‚
522 965 548 1019 in
562 965 634 1020 omni
648 964 756 1019 fortune
769 970 844 1017 recta
858 969 941 1033 etque
957 962 1067 1017 honeste
1087 963 1152 1017 reti-

234 1094 309 1134 nere.
325 1077 360 1134 Ut
372 1077 445 1134 enim
459 1083 531 1144 sunt,
548 1074 777 1146 quemadmodum
795 1072 958 1146 supradixi,
973 1075 1020 1145 qui
1041 1075 1154 1130 urbanis

232 1189 313 1245 rebus
330 1187 441 1245 bellicas
452 1194 633 1260 anteponant,
646 1187 686 1242 sio
700 1184 821 1256 reperies
839 1185 953 1250 multos,
969 1185 1070 1255 quibus
1084 1183 1155 1256 peri·

231 1301 323 1357 culosa
334 1308 362 1357 et
373 1300 459 1357 calide
472 1299 584 1356 oonsilie
593 1299 693 1372 quietis
704 1296 914 1369 cogitationibus
929 1304 957 1351 et
971 1295 1156 1368 splendidiora

232 1421 259 1468 et
272 1428 375 1485 majora
386 1411 539 1468 videantur.
552 1410 698 1480 Nunquam
712 1408 822 1464 omnino
835 1406 948 1480 periculi
959 1407 1021 1477 luga
1032 1408 1155 1462 commit·

234 1521 344 1579 tendum
359 1529 399 1579 eet
419 1529 449 1577 ut
463 1520 585 1576 imbelles
600 1518 741 1591 timidique
760 1518 918 1586 videamur;
933 1516 981 1573 sed
1001 1517 1155 1590 fugiendum

233 1635 314 1690 etiem
325 1633 403 1702 illud,
419 1649 453 1689 ue
466 1632 610 1687 oderamus
627 1646 675 1686 nos
689 1628 817 1701 periculis
830 1629 890 1684 sine
903 1644 1005 1684 causa:
1021 1646 1076 1700 quo
1090 1629 1154 1684 nibil

234 1753 394 1818 potestesse
407 1742 524 1800 stultius.
537 1740 707 1814 Quapropter
718 1742 744 1795 in
753 1741 885 1796 adeundis
898 1741 1025 1811 periculis
1039 1757 1158 1798 consue·

235 1858 299 1913 tudo
315 1854 445 1911 imitanda
459 1854 622 1910 medicorum
640 1862 695 1926 est,
711 1855 758 1926 qui
774 1853 869 1909 leviter
883 1860 1046 1926 aegrotantes
1063 1853 1158 1910 leviter

235 1973 340 2035 curent,
358 1963 529 2037 gravioribus
549 1970 639 2020 autem
663 1964 764 2020 morbis
778 1962 941 2035 periculosas
962 1965 1118 2021 curationes
1132 1974 1160 2021 ot

236 2076 368 2150 ancipites
380 2074 510 2131 adbibere
521 2074 760 2146 coguntur.Quare
773 2075 800 2130 in
811 2073 957 2146 tranquillo
972 2082 1159 2146 tempestatem

237 2187 378 2244 edvereem
396 2194 490 2259 optare
502 2184 635 2242 dementis
649 2193 708 2258 est3
725 2185 872 2241 subvenire
892 2193 983 2241 autem
1004 2187 1159 2257 tempestati

237 2411 297 2459 seire
307 2407 490 2469 eiectamenta,
503 2407 555 2455 rlen
570 2420 628 2455 aveo
639 2407 748 2455 eruente.
762 2405 784 2455 Il
801 2414 838 2455 est
858 2407 923 2455 olore
943 2406 1002 2454 d’un
1024 2420 1092 2455 eoeur
1106 2421 1160 2453 me·

236 2514 351 2578 gnanime
360 2512 390 2562 de
398 2513 480 2577 u'egir
491 2512 602 2577 qu’eprde
612 2527 629 2576 y
641 2513 708 2562 avoir
718 2513 775 2560 bien
787 2512 894 2571 refldehi,
907 2512 936 2561 de
948 2514 1019 2577 punir
1029 2514 1162 2562 seulement

237 2624 273 2672 lea
284 2622 422 2686 coupables,
435 2620 579 2686 d’dparguer
598 2622 624 2671 la
644 2621 786 2681 multitude,
797 2629 821 2670 et
839 2637 869 2670 en
892 2630 945 2670 tout
967 2637 1008 2670 cea
1029 2621 1058 2670 de
1081 2622 1162 2670 suivre

238 2735 387 2779 exuctement
401 2743 427 2776 ce
439 2743 485 2792 quo
498 2727 596 2790 l’equite
607 2734 631 2775 et
644 2727 791 2775 l'hounetete
803 2729 958 2791 prescrivent.
973 2727 1015 2778 S'il
1028 2743 1057 2776 en
1072 2737 1109 2777 eat
1119 2729 1162 2793 qni

238 2841 339 2886 mettent
349 2835 385 2884 lea
397 2835 502 2898 exploita
520 2835 648 2882 militnirea
664 2833 790 2882 eudonem
805 2833 846 2881 dea
862 2834 936 2882 belles
952 2835 1046 2883 actione
1068 2836 1166 2895 civiles,⁵

237 2943 253 2989 d
265 2939 370 2989 d'eutrea
381 2942 416 2990 lea
428 2940 532 2989 oonaeile
547 2940 649 2988 violenta
661 2948 685 2988 et
695 2940 834 2988 temeraireo
851 2942 988 3005 peruissent
1006 2942 1061 3004 pluo
1082 2942 1162 2993 beaux

239 3051 263 3091 et
274 3044 329 3106 pluo
341 3043 454 3091 brilleutr
464 3058 510 3106 que
520 3043 555 3091 leo
567 3043 737 3093 deliberatione
747 3045 899 3108 tranquillas.
918 3045 953 3094 Le
973 3047 1065 3095 crninto
1077 3047 1109 3094 du
1122 3049 1164 3110 pd-

239 3152 271 3200 ril
285 3168 314 3200 ue
323 3151 373 3201 doit
382 3151 472 3214 jamela
485 3166 546 3199 noue
558 3151 611 3199 rien
627 3150 687 3199 seito
699 3151 760 3200 seire
775 3152 816 3214 qui
828 3151 863 3199 eit
877 3167 910 3199 un
920 3152 957 3199 nir
968 3151 996 3199 de
1006 3152 1119 3200 sniblosse
1131 3168 1163 3200 ou

240 3259 268 3306 de
281 3257 383 3307 ldohebl.
398 3258 461 3306 Meis
473 3259 490 3306 il
498 3273 528 3306 ue
539 3258 592 3306 saut
604 3273 646 3321 pas
656 3272 704 3307 nou
718 3259 773 3322 plue
785 3274 847 3307 nous
861 3273 962 3321 exponor
974 3260 1130 3308 inutilemeut
1140 3268 1164 3309 et

242 3369 271 3417 de
281 3369 360 3433 gnietd
375 3368 404 3415 de
416 3382 492 3424 emur,
508 3382 549 3414 cer
561 3367 579 3415 il
591 3367 634 3431 n'y
646 3383 661 3415 e
673 3366 724 3415 rien
739 3367 767 3416 de
785 3369 839 3431 plue
858 3368 963 3415 ineense.
976 3367 997 3416 ll
1014 3367 1066 3416 seut
1082 3368 1165 3417 imiter

242 3491 284 3524 rur
296 3475 348 3524 cele
362 3475 389 3523 le
397 3473 510 3523 eonduite
522 3474 562 3521 dea
579 3473 710 3530 medecina,
724 3474 766 3537 qni
778 3474 935 3536 n’emploient
944 3488 990 3536 qno
1002 3473 1043 3522 dea
1056 3474 1163 3522 remedee

242 3581 308 3633 doux
321 3581 424 3632 denelae
435 3579 549 3628 maledieo
561 3579 662 3643 legeres,
675 3586 699 3627 et
711 3595 741 3627 ne
755 3580 869 3628 vienueut
881 3596 929 3628 uux
941 3581 1048 3629 remedes
1060 3582 1164 3631 violente

243 3699 267 3740 et
278 3686 415 3737 haserdeux
426 3701 473 3751 que
485 3688 581 3750 lorsque
600 3687 625 3735 la
638 3687 761 3750 grandeur
773 3685 806 3735 du
827 3688 876 3735 mel
887 3688 923 3736 leo
942 3704 959 3752 y
973 3689 1045 3739 force.
1056 3688 1075 3737 ll
1086 3704 1102 3752 y
1113 3704 1127 3736 a
1137 3689 1167 3737 de

244 3796 346 3855 lefolie,
360 3810 401 3844 our
414 3810 460 3842 une
475 3808 527 3842 mer
544 3794 630 3853 calme,
653 3796 667 3842 ie
688 3795 777 3844 desirer
796 3796 821 3843 lo
840 3799 959 3860 tempet03
976 3797 1038 3844 maia
1049 3795 1131 3859 quand
1142 3796 1167 3844 la

248 3903 350 3967 temp&
358 3909 394 3952 ert
405 3915 490 3960 venue,
498 3899 517 3950 il
530 3908 568 3950 eet
583 3900 640 3950 ‹l’un
652 3918 710 3967 euge
719 3901 748 3951 de
761 3902 795 3951 lul
809 3901 869 3951 faire
881 3905 934 3967 toto,
950 3909 1045 3952 eurtout
1055 3902 1166 3962 lorsqn'it
