2474 4694
400 786 454 832 uss
475 785 609 844 errores,
632 788 715 832 uersu
736 788 767 834 n.
992 777 1050 835 32³
1112 753 1113 757 ¹

130 906 197 967 quusi
210 905 339 969 quisqusm

129 972 205 1034 possit
214 986 265 1019 esse
275 971 365 1033 justus,

129 1039 171 1099 qni
183 1052 231 1085 uon
247 1038 279 1085 sit
291 1037 355 1085 idern
366 1037 483 1099 prudens,

129 1104 303 1152 illusubtilitns
312 1115 350 1151 est
359 1106 416 1160 slis,

130 1185 204 1231 quuru
214 1171 302 1218 veritus
314 1171 367 1233 ipse

129 1237 228 1283 limetur
238 1237 264 1284 in
275 1236 444 1298 disputatione.

129 1302 178 1349 elin
189 1318 264 1364 quum
279 1305 358 1350 omnis
372 1305 450 1351 oratio

130 1369 325 1416 accommodetur

129 1435 159 1480 nd
170 1435 305 1497 opinionem
318 1449 482 1483 communem.

129 1499 291 1559 Quamobrem

130 1582 173 1613 nos
186 1567 308 1629 loquimur
322 1567 368 1615 hoo
380 1567 434 1615 loeo

129 1634 164 1679 its
176 1633 309 1694 utvulgus,

130 1705 157 1744 ut
168 1699 275 1746 dieamus

129 1765 282 1823 elioslortes,

129 1831 189 1877 ellos
203 1831 267 1878 viros
277 1831 362 1891 boues,

129 1896 189 1942 elios
201 1896 344 1958 prudentes:

129 1961 250 2025 egendum
262 1968 298 2010 est
309 1963 374 2011 eninr

130 2028 209 2074 verbis
221 2029 377 2091 popularibus

130 2105 153 2142 et
165 2096 269 2151 usitatis,

130 2176 204 2222 quum
214 2160 337 2223 loquimur

130 2226 158 2273 de
170 2227 281 2288 opinione
292 2225 416 2289 populeri3

130 2292 299 2355 Pnnaetiueque
311 2292 367 2339 feeit
382 2291 407 2339 id

129 2359 212 2407 eodem
224 2359 304 2405 modo.

130 2423 175 2473 Sed
189 2435 337 2472 revertemur

130 2490 160 2536 ed
174 2492 330 2552 propesitum.
355 2511 356 2514 ¹

164 2557 201 2605 Ex
215 2557 293 2604 tribus
305 2557 381 2618 igitur

130 2637 185 2684 quse
196 2623 315 2684 pertinent
326 2621 359 2669 ed
369 2621 482 2685 glorium,

130 2688 176 2735 hoo
185 2697 237 2736 erut
246 2689 353 2743 tertium,

130 2762 157 2801 ut
169 2769 224 2801 oum
236 2754 395 2802 sdruirstieue

130 2820 256 2868 hominum

129 2885 294 2948 judicaremur
308 2887 339 2934 sb
352 2886 382 2933 iis

131 2951 200 3013 digni
212 2951 311 2999 honore.

131 3017 171 3066 Illi
182 3019 257 3081 igitur
268 3017 365 3080 quidem

131 3084 282 3132 admiruntur
293 3083 454 3132 communiter

132 3152 214 3197 omnin

131 3231 184 3277 quse
196 3215 417 3264 animadverterunt

131 3297 220 3344 msgns

131 3357 155 3394 ot
164 3356 250 3410 prester
257 3363 325 3395 suern
334 3347 483 3410 opinionem

132 3414 259 3474 seperatim
275 3424 355 3461 nutem

130 3478 157 3525 iu
168 3479 273 3541 singulis

132 3545 151 3592 si
161 3547 308 3607 perspiciunt

131 3612 196 3657 bons
216 3614 359 3674 necopinata
377 3611 482 3674 quidem.

131 3676 215 3738 Itaque
229 3678 366 3740 suspiciunt

131 3742 279 3806 offeruntque

131 3809 244 3857 msximie
258 3809 371 3858 leudibus

131 3889 172 3921 eos
185 3878 258 3932 viros,
273 3877 397 3939 inquibus

132 3940 272 3990 existiment
282 3957 308 3990 ee
322 3941 452 4006 perspicere

509 922 603 954 comme
615 906 634 953 si
645 905 776 968 quelqu‘un

511 973 608 1035 pouveit
620 976 669 1020 etro
682 971 753 1034 juste,
926 969 1049 1037 [prudent.

510 1041 551 1101 qui
563 1055 593 1087 ne
603 1040 650 1086 soit
659 1054 701 1100 pes
709 1039 731 1085 le
741 1041 818 1086 rueme
827 1038 867 1101 (sn
877 1041 953 1087 serenio
964 1037 1052 1102 temps)

510 1113 571 1151 cette
581 1105 689 1152 subtilite
697 1111 734 1152 est
743 1112 820 1159 entre.

511 1171 592 1232 quand
603 1171 628 1218 lu
639 1172 712 1218 ve'rite
722 1171 856 1218 suenone

510 1243 546 1284 est
561 1238 652 1284 sorutee
667 1237 728 1284 dnus
738 1237 763 1284 lu
774 1237 907 1285 discussion

510 1310 579 1351 sutrs
590 1302 673 1365 quend
684 1310 737 1352 tout
748 1302 771 1350 le
784 1303 892 1351 diseoun

510 1376 546 1416 est
556 1368 679 1417 oout‘ormd

510 1439 524 1480 ie
535 1435 651 1498 l'opiniou
663 1450 799 1484 eommuns.

509 1502 704 1564 C'est-pourquoi

510 1583 571 1614 nous
583 1567 681 1629 psrlons
690 1583 720 1615 eu
731 1575 770 1615 eet
783 1565 877 1615 endroit

510 1634 573 1681 ainsi
584 1648 677 1682 comme
688 1634 710 1681 le
721 1633 838 1696 vulgaire,

510 1698 744 1762 de·telle-sorte·que
754 1714 815 1747 nous
825 1699 949 1762 sppelious

509 1765 544 1813 les
555 1781 601 1813 uns
613 1765 683 1827 forts,

509 1831 544 1879 les
553 1837 634 1879 nutrss
644 1831 753 1880 hommes
765 1829 870 1889 dobisn,

510 1896 545 1944 les
559 1906 639 1945 nutrss
652 1898 780 1960 prudente:

509 1977 539 2010 en
551 1962 606 2011 silet
614 1965 632 2010 il
644 1963 698 2012 seut
708 1963 828 2012 discourir

510 2044 567 2077 eree
579 2031 614 2077 les
624 2039 712 2078 urmes
720 2031 858 2095 populaires

510 2095 627 2154 eeusites,

509 2160 607 2222 lorsque
616 2177 678 2209 nous
689 2161 788 2225 perlous

510 2226 539 2274 de
550 2226 667 2290 l'opinion
678 2229 813 2291 populslr03

510 2302 534 2339 et
545 2292 659 2342 Psuetius
671 2309 687 2340 n
697 2294 742 2340 seit
753 2294 804 2340 oele

510 2357 538 2405 de
553 2360 578 2405 lu
589 2362 666 2405 meme
677 2359 791 2406 muniere.

510 2422 573 2472 Meis
582 2440 699 2474 revenons

510 2492 525 2537 's
537 2500 600 2538 notre
611 2490 682 2553 sujet.

544 2555 592 2603 Des
604 2558 663 2603 trois
672 2555 755 2603 ehoses
764 2554 826 2603 douo

511 2623 552 2683 qui
565 2630 721 2685 out-rapport
732 2625 747 2668 is
760 2622 784 2668 le
799 2622 883 2684 gleire,

510 2689 606 2735 celle-ei
617 2689 675 2735 e'teit
683 2688 707 2734 ln
716 2688 845 2745 troisieme,

510 2769 557 2815 que
567 2769 624 2802 eveo
633 2753 794 2801 l’sdmiretion

511 2819 552 2866 des
561 2819 669 2867 hommes

512 2901 573 2933 nous
584 2885 690 2934 iussione
698 2884 770 2948 juges
780 2899 822 2948 per
834 2900 881 2932 eux

511 2952 596 3014 dignes
609 2951 752 2999 d'honneur.

510 3017 613 3066 ceux-le
623 3017 685 3065 dune
695 3020 710 3064 le
721 3018 745 3064 ln
754 3016 827 3064 verini

511 3083 632 3131 sdmirent
641 3084 782 3146 en·ge'ndrul

511 3158 589 3197 tontes
597 3151 633 3197 les
643 3149 725 3197 ehoees

511 3216 584 3277 qu'ils
595 3225 638 3263 out
647 3216 796 3278 remurquees

510 3280 614 3343 mundes

510 3356 534 3395 et
546 3363 578 3394 nu
589 3348 644 3394 delle
656 3347 684 3395 de
699 3347 752 3394 leur
761 3345 857 3410 opinion
867 3362 874 3404 ς

510 3413 572 3461 mnis
585 3414 765 3476 en-perticulier

511 3479 570 3526 dens
583 3479 676 3528 chacun

509 3547 561 3593 s'ils
573 3543 717 3593 dieouvrent

510 3611 551 3658 des
562 3612 665 3672 qustires
680 3609 903 3671 non-souppounees
915 3606 947 3654 du
961 3607 1048 3658 reolus.

511 3673 1052 3739 C'estpourqnoiilrregsrdentuveosdmirer

510 3752 534 3790 et
544 3743 652 3790 exultent
989 3737 1049 3802 [tion

510 3823 554 3871 per
564 3809 599 3856 les
610 3809 665 3871 plus
673 3806 777 3872 grendes
787 3806 905 3870 loueugse

510 3890 549 3922 oes
561 3873 677 3930 hommes,
692 3875 753 3922 dens
763 3872 866 3934 lesquels

509 3940 541 3988 ils
550 3940 637 4002 jugsnt
649 3942 799 3988 eux-memes
810 3935 935 3987 deoonsrir
