2474 4694
213 826 270 882 232
515 834 552 879 ne
573 832 692 879 urricus
712 832 795 879 uraca
817 835 837 879 r.

209 959 288 1019 sunt;
304 966 355 1007 nec
370 966 533 1023 quemquam
549 940 602 1006 hoc
614 967 704 1005 errore
716 949 777 1005 duci
789 955 905 1022 oportet,
919 954 960 1018 ut,
975 949 997 1005 ai
1010 950 1074 1021 quid
1087 952 1135 1007 Su·

209 1040 524 1113 cratcseutllristippus¹
534 1048 627 1095 contra
635 1055 735 1094 morem
745 1037 1021 1109 consuetudinemque
1029 1040 1136 1095 civilem

210 1129 323 1186 iecerint
337 1129 454 1185 locutive
469 1129 533 1196 sint,
549 1128 620 1185 idem
639 1128 690 1183 sihi
707 1127 853 1184 arbitretur
873 1127 962 1182 licere.
980 1128 1084 1199 Magnis
1097 1129 1135 1184 illi

209 1224 237 1274 et
261 1217 361 1273 divinis
384 1216 462 1272 bonis
488 1217 557 1273 hanc
579 1216 716 1272 licentiam
733 1214 957 1288 assequebantur.
974 1216 1135 1288 Cynicorum

210 1322 273 1362 vero
290 1309 358 1362 ratio
376 1312 432 1361 tota
453 1313 497 1361 est
520 1305 665 1375 ejicienda,
680 1311 724 1360 cst
738 1305 808 1360 enim
829 1304 935 1359 inimica
949 1303 1133 1371 verecundiae,

210 1394 268 1449 sine
280 1410 334 1466 qua
347 1393 413 1448 nihil
423 1402 526 1449 rectum
539 1410 601 1448 esse
614 1400 715 1465 potest,
729 1391 794 1447 nihil
804 1392 1020 1447 honestumEos
1031 1398 1133 1462 autern,

209 1497 322 1554 quorum
340 1482 396 1537 vita
411 1489 551 1554 perspecta
571 1482 597 1534 in
619 1481 701 1535 rebus
724 1480 846 1534 honestis
866 1490 947 1551 atque
963 1481 1069 1551 magnis
1081 1487 1132 1547 est,

208 1569 279 1625 bene
293 1569 327 1625 de
341 1569 480 1641 republica
493 1568 640 1625 sentientes
657 1584 690 1622 ac
707 1567 777 1622 bene
791 1568 902 1623 meritos
920 1577 970 1623 aut
987 1575 1132 1632 merentes,

209 1658 279 1715 sicut
291 1656 384 1729 aliquo
402 1658 503 1713 honore
523 1665 569 1713 aut
583 1656 696 1728 imperio
718 1658 832 1711 allectos
849 1656 991 1711 observare
1003 1663 1031 1712 et
1044 1656 1134 1712 colere

208 1746 350 1813 dehemus,
369 1746 488 1801 tribuere
512 1745 594 1800 ctiam
615 1745 729 1799 multum
753 1744 900 1812 senectuti,
926 1743 1022 1798 cedere
1039 1744 1073 1797 iis
1087 1744 1134 1813 qui

208 1837 395 1905 magistratum
412 1831 564 1900 habebunt,
584 1831 683 1887 habere
702 1832 836 1887 delectum
853 1832 921 1887 civis
942 1839 970 1886 et
985 1832 1132 1903 peregrini;

208 1922 235 1977 in
247 1922 361 1993 ipsoque
381 1922 520 1993 peregrino
533 1919 693 1993 privatimne
706 1937 740 1974 an
753 1920 861 1992 publice
875 1919 995 1986 venerit;
1008 1920 1042 1975 ad
1056 1935 1134 1972 surn-

208 2027 289 2078 mem,
305 2026 339 2065 ne
356 2024 433 2081 egam
445 2008 480 2063 de
492 2007 617 2079 singulis,
636 2023 807 2063 communem
824 2009 907 2064 totius
925 2008 1031 2077 generis
1048 2007 1135 2061 honri-

208 2115 273 2154 num
286 2097 502 2153 conciliationem
516 2104 544 2153 et
561 2096 790 2153 consociationem
809 2097 907 2166 colere,
927 2096 1004 2165 tueri,
1024 2110 1134 2150 servare

208 2186 352 2242 debemus.

208 2397 250 2459 qui
264 2403 301 2445 cst
315 2396 382 2459 regie
392 2411 436 2459 par
451 2395 485 2444 lea
495 2395 541 2444 lois
552 2406 576 2444 at
590 2395 625 2444 lea
635 2402 762 2445 metueras
775 2396 804 2443 de
816 2395 909 2455 chaque
923 2393 1018 2456 ponpis,
1033 2393 1134 2454 puisqne

209 2477 244 2524 les
257 2475 303 2523 laia
311 2477 401 2523 memes
411 2481 436 2522 et
446 2475 482 2523 lea
491 2490 580 2538 neeges
593 2490 655 2523 nous
665 2476 774 2522 tiennent
784 2474 834 2521 lieu
846 2472 875 2520 de
886 2473 1008 2535 preceptes
1019 2486 1062 2517 sur
1073 2472 1132 2517 cela.

208 2554 252 2609 Or,
266 2569 313 2617 qua
324 2569 380 2601 sous
392 2555 499 2616 pretextu
511 2555 572 2617 qu'il
585 2560 620 2601 est
629 2554 733 2617 ichappe
744 2556 758 2600 ir
770 2552 866 2601 Socrate
878 2567 910 2599 ou
922 2553 936 2598 h
951 2551 1058 2598 Aristide
1068 2550 1134 2611 quel-

209 2649 254 2697 que
271 2642 323 2681 mot
336 2649 369 2682 ou
381 2633 484 2697 quelque
496 2635 576 2682 action
594 2635 714 2681 contraire
729 2647 779 2680 aux
795 2633 840 2679 loia
857 2639 882 2679 ct
896 2646 944 2677 nux
963 2640 1088 2677 coutumes
1106 2629 1135 2675 de

208 2712 261 2759 leur
275 2729 343 2777 pays,
359 2731 420 2762 nous
436 2714 559 2762 cressione
571 2716 673 2778 pouvoir
687 2730 750 2763 nous
765 2715 857 2760 donner
872 2714 896 2760 le
911 2716 987 2759 rueme
999 2713 1093 2767 liberte,
1107 2726 1135 2758 ce

209 2792 283 2839 cernit
301 2809 362 2841 nous
381 2803 486 2856 tromper
504 2795 629 2857 beuvrcoup
643 2812 649 2840 ε
664 2794 723 2841 c’est
745 2809 838 2840 cornrne
858 2806 905 2838 una
922 2793 1013 2838 licence
1031 2806 1078 2853 que
1095 2806 1134 2837 cea

208 2868 319 2919 lromrnea
336 2873 417 2920 divina
440 2874 550 2920 a'e‘taient
564 2874 661 2934 acquise
676 2888 719 2935 par
739 2872 761 2919 le
776 2871 854 2935 grand
874 2871 930 2919 bien
949 2871 1020 2933 qn'ils
1037 2871 1134 2917 avaient

208 2947 262 2996 snit.
276 2949 414 3009 Quantaux
422 2953 540 2997 inanimes
550 2950 591 2997 <les
601 2953 727 3013 cyniqnes,
740 2951 758 2998 il
769 2949 822 2997 sarit
834 2952 867 2996 les
877 2948 962 3011 rejeter
971 2950 1132 3008 absohnrrent,

209 3029 365 3092 puisqu'elles
375 3039 433 3078 ront
445 3031 602 3078 directcmeut
612 3040 695 3077 contre
704 3030 728 3077 la
740 3030 842 3092 pudent,
857 3030 1023 3090 sanslaquelle
1036 3030 1051 3075 il
1066 3030 1107 3090 u'y
1120 3045 1134 3075 a

209 3108 234 3155 ni
246 3109 348 3156 vertuni
359 3109 524 3158 hounhtete'.ll
537 3109 612 3156 estdu
621 3109 703 3157 devoir
715 3109 771 3157 d’un
781 3110 885 3157 bonni-te
897 3109 992 3155 hornme
1005 3108 1133 3155 d'honorar

209 3195 233 3234 et
247 3187 276 3234 do
290 3198 408 3252 respectet
423 3205 485 3237 ceux
504 3189 564 3236 dont
578 3189 603 3236 la
617 3191 653 3236 vie
670 3205 684 3235 a
701 3190 738 3236 etc
750 3190 874 3238 estimable
887 3199 911 3236 et
925 3190 993 3243 utile,
1011 3204 1071 3236 ceux
1090 3190 1132 3250 qui

210 3266 279 3314 n'ont
288 3283 334 3329 qua
349 3267 391 3315 des
403 3284 459 3315 vues
471 3278 496 3315 et
507 3267 548 3315 des
565 3269 697 3315 intentione
710 3268 798 3315 droites
810 3284 851 3315 arar
863 3284 889 3315 ce
901 3269 941 3330 qui
956 3269 1057 3330 regards
1066 3269 1089 3314 le
1098 3270 1134 3315 re·

209 3348 340 3410 publique;
354 3364 415 3396 ceux
428 3349 470 3411 qui
490 3349 551 3397 l'ont
563 3350 640 3396 servic
654 3365 685 3396 ou
702 3350 743 3412 qni
759 3349 783 3396 le
797 3355 892 3396 servent
910 3348 1094 3406 actuellernent,
1111 3356 1135 3395 et

208 3441 271 3475 ceux
285 3428 382 3490 quiunt
395 3432 463 3491 passe
481 3443 525 3491 per
537 3428 572 3476 lea
590 3429 691 3491 charges
705 3437 729 3475 et
745 3429 779 3475 lea
797 3428 1035 3479 commandemcnts·,
1056 3427 1085 3473 de
1102 3429 1133 3474 ti·-

209 3505 320 3569 moigner
331 3506 455 3570 beaucoup
466 3507 495 3555 da
507 3507 630 3555 desirence
646 3522 695 3555 urrx
707 3506 839 3567 vieillards,
854 3507 882 3554 de
894 3506 964 3553 ceder
978 3522 1025 3552 aux
1042 3508 1135 3574 magis,=

209 3586 279 3640 trata,
300 3582 329 3628 dc
348 3583 428 3629 saveir
439 3581 500 3630 seire
511 3584 536 3631 la
550 3583 679 3631 differenoe
699 3583 732 3630 du
750 3585 844 3645 citoyen
860 3593 882 3630 et
895 3583 924 3631 de
943 3583 1083 3644 l'etranger,
1101 3595 1134 3640 er,

210 3669 277 3707 entre
296 3659 331 3706 lea
347 3661 473 3723 e'trangere
484 3665 582 3719 memes,
600 3663 660 3709 celle
676 3663 733 3709 d’un
751 3663 893 3725 particulier
910 3662 951 3724 qui
971 3664 1036 3709 vient
1051 3661 1079 3708 de
1091 3676 1133 3707 eon

209 3740 268 3790 chef
275 3757 307 3789 au
320 3740 378 3790 d'un
390 3742 488 3791 homme
503 3746 545 3807 qui
562 3754 599 3792 est
615 3749 697 3792 ravetu
716 3747 788 3793 d'une
800 3746 900 3793 misaion
914 3746 1043 3807 publiqne;
1059 3743 1131 3799 enfin,

210 3837 271 3887 pour
284 3838 314 3871 ne
328 3838 370 3885 pas
382 3831 462 3871 cntrer
471 3823 532 3872 dana
542 3842 574 3872 uu
589 3827 645 3889 plue
658 3827 735 3889 grand
745 3827 828 3885 de'tnil,
841 3827 977 3873 d'observer
989 3824 1132 3873 inviolable·

210 3909 278 3950 ment
291 3908 317 3951 et
332 3902 361 3951 de
377 3903 507 3953 muiutenir
525 3905 619 3953 l¹union
635 3908 747 3968 generaris
765 3915 789 3952 et
810 3904 834 3951 la
852 3905 939 3952 cocicte'
959 3916 1087 3951 commuue
1103 3901 1134 3947 du

212 3996 287 4043 genre
298 3981 410 4030 bumaiu.
