2474 4694
408 816 461 862 oss
481 816 614 877 arvoree,
636 818 718 865 srvos
737 811 769 861 11.
988 804 1048 863 273

129 933 295 996 mirenturque

129 1016 168 1047 sne
184 1015 272 1062 ponere
288 1000 313 1047 in
324 1014 352 1047 ca

130 1074 222 1113 tanturn
235 1074 346 1128 operteat
358 1065 480 1129 temporis.

130 1134 182 1195 Ego
194 1141 283 1191 autem,

129 1199 238 1259 quandiu
248 1200 386 1261 respublica

130 1266 258 1327 gerebatur
270 1281 310 1328 per
321 1282 361 1313 eos

130 1332 216 1393 quibus
224 1333 277 1393 ipsa
288 1347 312 1379 sc
321 1333 482 1390 commiserat,

130 1397 281 1445 conferebam
292 1399 318 1445 in
332 1413 385 1446 eam

130 1479 212 1511 omncs
225 1479 290 1511 mess
301 1479 373 1512 curas

131 1530 336 1593 cogitationesque
350 1545 357 1577 s

131 1611 206 1658 quum
218 1605 297 1644 sutem
309 1594 391 1646 omnia

132 1670 269 1710 tenerentur

133 1728 258 1776 dominatu
275 1729 358 1785 unius,

133 1808 208 1856 neque
219 1803 281 1842 esset
302 1810 404 1857 usquam
419 1793 485 1842 locus

132 1861 233 1908 consilio
245 1869 288 1908 ant
304 1861 451 1920 auctoritati,

133 1925 376 1988 deniquesrnisissern

133 1995 209 2040 socios
224 1993 320 2041 tucnslae
335 1993 484 2057 reipublice,

134 2074 198 2105 viros
211 2075 332 2116 summme

134 2141 178 2172 nec
187 2141 225 2172 me
233 2125 312 2173 dedidi
327 2124 469 2189 angoribus,

134 2193 221 2252 quibus
234 2192 357 2240 consectus
367 2207 453 2254 essem,

134 2258 180 2304 nisi
194 2258 334 2306 restitissem
348 2258 392 2315 iias

135 2338 178 2370 nec
193 2340 291 2372 rursum
309 2324 472 2386 voluptatibus

135 2389 242 2451 indignis
259 2391 357 2438 homine
367 2392 445 2440 docto.

168 2458 248 2518 Atque
261 2459 356 2504 utinam

136 2523 272 2584 respublica
280 2525 383 2571 stetisset
391 2529 454 2571 statu

136 2603 182 2649 quo
192 2591 310 2651 erupisset,

135 2670 179 2701 uec
191 2655 314 2703 incidisset

136 2721 161 2767 in
172 2721 281 2769 homines
294 2720 393 2785 cupidos

136 2797 250 2834 nontam

137 2853 362 2901 commutandorum
376 2868 457 2901 serum

137 2935 209 2981 qnam
223 2919 422 2968 evertendarum!

137 2985 248 3034 Primum
263 2988 337 3041 enim,

139 3061 165 3098 ut
175 3053 311 3100 solebamus
322 3053 400 3100 facere

138 3120 264 3181 republica
275 3126 364 3177 stante,

140 3201 281 3246 poneremus
294 3186 348 3247 plus
365 3198 442 3247 operte

139 3254 164 3298 in
183 3253 278 3314 agendo

140 3333 211 3378 qnam
223 3319 248 3366 in
262 3315 399 3372 scribendo;

140 3383 225 3431 deinde
241 3383 411 3430 mandaremus

141 3450 235 3511 scriptis
254 3449 313 3512 ipsis

141 3531 189 3563 non
206 3530 234 3562 ea
247 3531 300 3577 quse
312 3530 387 3576 nunc,

142 3583 183 3629 sed
197 3592 292 3629 nostras
304 3584 417 3642 actiones,

141 3656 170 3696 nt
182 3649 282 3696 fecimus
294 3664 365 3711 saepe.

141 3716 222 3776 Quum
233 3723 313 3763 autam
324 3714 467 3777 respublica,

142 3784 167 3829 in
180 3798 228 3846 qna
240 3782 318 3829 omnis
328 3796 382 3829 mes
392 3795 459 3839 cura,

142 3849 266 3909 cogitatio,
282 3863 351 3906 cura,

142 3916 234 3963 solebat
251 3916 316 3975 poni,

141 3991 203 4031 esset
218 3982 288 4029 nulls
299 3979 408 4038 omnino,

510 943 533 983 et
542 939 614 1000 qu’ils
628 954 658 987 ne
668 939 803 988 s'etonnent

510 1004 558 1050 moi
574 1006 654 1067 placer
667 1021 696 1053 en
711 1006 758 1054 elle
768 1004 813 1066 (lui
822 1003 959 1066 consecrer)

509 1076 562 1116 tant
572 1072 600 1119 de
613 1072 700 1119 travail
711 1078 735 1120 et
746 1071 776 1119 de
790 1078 874 1133 temps.

509 1135 641 1194 Maismoi.

509 1203 574 1249 aussi
590 1204 785 1267 longtcmps-qne
795 1204 821 1252 la
830 1202 972 1266 republique

509 1270 568 1315 etait
580 1269 737 1318 administres
749 1286 793 1332 par
806 1284 867 1318 ceux
926 1298 931 1307 .

509 1337 627 1397 auanels
637 1335 774 1383 elle-memo
787 1335 866 1384 s'otait
874 1333 974 1396 conte,

508 1400 534 1461 jc
543 1402 635 1462 portais
643 1417 684 1449 sur
696 1402 743 1450 elle

510 1473 566 1513 tons
579 1469 706 1515 masmine

511 1536 717 1596 etmsapcnsees:

511 1600 574 1646 rosis
584 1600 681 1663 lorsque
694 1606 772 1647 tontes
782 1597 866 1648 choses

510 1664 733 1728 etaientpossedees

511 1745 555 1793 par
565 1732 589 1778 la
602 1732 751 1779 domination
761 1731 820 1779 d'nn
830 1731 891 1788 seul,

511 1805 535 1843 et
544 1797 604 1859 qu’il
617 1798 659 1860 n’y
671 1799 736 1845 assit
743 1799 876 1862 nullepart
886 1797 955 1861 place

512 1877 572 1924 pour
583 1864 606 1911 le
616 1865 706 1911 conseil
718 1879 750 1911 ou
763 1879 823 1926 pour
839 1863 968 1919 l'eutorite,

512 1929 576 1977 enlin
591 1945 637 1993 quc
648 1929 737 1991 j'avais
750 1929 824 1992 perdu
891 1927 1050 1995 [republiqne

511 1993 1052 2109 {2¹:¹11uttttltrl⁶rltllrl¹⁰¹¹³‘⁶¹·

512 2134 536 2173 et
544 2127 570 2189 je
579 2142 609 2174 ne
619 2143 658 2175 me
669 2079 774 2191 snisppas
788 2129 848 2175 livre
861 2095 1049 2190 aux'chagrins,

512 2208 556 2254 par
568 2193 672 2256 lcsqnels
686 2193 789 2255 j'surais
801 2195 838 2241 ete
851 2192 957 2253 aooable,

474 2310 477 2315 ,
513 2259 534 2306 si
548 2259 574 2320 jc
583 2260 677 2306 n’asais
688 2259 797 2310 resistes
808 2275 871 2316 enxr

514 2325 539 2371 ni
554 2323 742 2386 &auus-parts
757 2324 798 2372 des
809 2325 905 2388 plaisirs

514 2390 627 2453 indigner
637 2390 695 2438 d'un
711 2390 807 2438 homme
820 2390 928 2439 instruit.

547 2456 578 2504 Et
587 2457 746 2519 ploce-Dice
979 2451 1054 2518 [l'etat

514 2535 560 2585 qne
573 2523 598 2570 la
608 2523 750 2585 re'publiquc
764 2537 788 2570 so
800 2522 837 2570 lut
848 2518 1055 2569 maintsnnadans

515 2589 577 2636 dans
588 2588 667 2652 lequel
673 2589 718 2635 elle
729 2590 795 2636 avait
809 2587 955 2649 commanos,

515 2663 539 2702 et
550 2670 580 2701 nc
592 2654 631 2702 int
642 2669 684 2716 pas
699 2656 794 2702 tombce

516 2735 558 2768 sur
573 2718 614 2768 des
627 2719 736 2767 hommes
748 2719 857 2768 desireux

516 2801 564 2833 non
577 2801 620 2847 pas
631 2792 685 2834 tant

517 2852 546 2900 de
561 2852 666 2915 changes
679 2853 715 2900 les
728 2850 811 2900 choses

516 2933 562 2981 quc
572 2918 602 2966 de
611 2923 641 2966 les
652 2916 790 2966 converser!

518 2985 624 3033 D'abord
638 3000 667 3032 en
679 2983 742 3040 elles,

517 3066 609 3098 comme
618 3067 679 3098 noris
692 3051 901 3097 ssione-coutume
912 3045 941 3094 de
953 3046 1013 3094 faire

517 3117 542 3164 la
551 3117 692 3179 republiquc
704 3114 938 3171 aetenam-debunt,

517 3198 579 3230 nous
589 3183 715 3231 mettrions
727 3183 784 3244 plus
798 3179 826 3229 cle
838 3180 925 3229 travail

518 3251 533 3296 a
545 3251 600 3311 agir

518 3317 575 3378 qu'a
588 3315 676 3370 serires

518 3382 572 3443 puis
584 3396 645 3428 nous
656 3379 799 3430 confierions

519 3462 568 3494 aux
580 3449 651 3495 ecrits
661 3451 750 3495 memes

520 3528 567 3561 non
577 3528 603 3561 ce
612 3528 659 3576 qne
667 3529 724 3562 noas
736 3516 784 3560 leur
792 3513 888 3574 conpone
897 3507 1056 3561 maintcuant,

520 3581 581 3627 mais
594 3596 638 3627 nos
649 3581 767 3636 discours,

520 3661 612 3693 comme
623 3661 684 3693 nous
699 3660 774 3692 avons
786 3644 832 3692 fait
843 3646 952 3692 couvent-

521 3713 582 3761 Msis
597 3726 690 3760 comme
702 3712 726 3758 la
738 3710 888 3773 reprimique,

521 3795 564 3826 sur
574 3779 678 3840 laquelle
694 3785 747 3825 tout
758 3792 814 3824 mon
827 3777 891 3836 scin,

520 3861 560 3892 mo
570 3846 663 3906 petiole,
677 3859 729 3890 most
741 3843 838 3899 travail,

522 3915 714 3959 avait-coutnme
728 3910 802 3957 d'etre
812 3909 889 3970 place,

522 3979 581 4026 e'tait
593 3976 791 4038 suxissent-plus
808 3975 840 4022 du
849 3978 912 4029 tout,

910 4044 944 4102 le
