2474 4694
402 785 455 831 uus
475 786 607 844 urvoms,
630 788 714 832 ιιιιιι
737 787 768 832 ιι.
984 769 1044 831 Si‘i

129 905 247 954 bonorum

128 971 297 1033 eloquentium,

130 1037 211 1084 dotem
223 1050 239 1084 e
249 1046 337 1084 netum

129 1105 159 1149 ud
178 1104 280 1150 celetem

129 1178 153 1216 et
166 1169 196 1216 ed
212 1169 414 1218 ooneervetiouem

128 1232 274 1282 hominum?

130 1301 180 1349 Nec
191 1312 281 1357 temen,

130 1376 157 1414 ut
170 1367 216 1414 hoo
231 1366 373 1429 fugiendum
384 1373 429 1422 eet,

129 1433 268 1481 habendum
276 1440 313 1481 eet
323 1435 359 1480 ite
369 1436 482 1496 religioni

131 1499 257 1547 defendero
277 1500 408 1562 eliqueudo

132 1574 266 1622 nocentem,

131 1630 203 1680 modo
216 1647 247 1678 ue

131 1698 253 1745 nefarium
263 1698 420 1762 impiumque.

132 1764 265 1811 Multitudo
277 1766 330 1812 vuit
340 1767 395 1823 hoc,

132 1830 281 1878 consuetudo
293 1833 392 1893 patitur,

132 1897 271 1945 humaniter
282 1900 354 1945 etiem
368 1898 423 1946 sert.

133 1963 175 2010 Eet
184 1961 274 2023 judicic

133 2029 201 2090 requi
210 2044 303 2092 eemper
315 2045 396 2078 vetum

134 2097 159 2141 iu
171 2095 250 2142 oeueie
262 2113 270 2154 ς

134 2162 238 2223 patroni.

134 2227 259 2275 defendere
271 2243 444 2290 nonnunquam

136 2294 276 2350 verieimiIe,

134 2360 229 2406 etiemei
242 2361 273 2408 eit
284 2362 364 2408 minue
381 2375 465 2408 verum
481 2376 486 2404 ι

135 2424 201 2487 quod
216 2440 266 2473 nou
278 2427 388 2476 cuderem

138 2491 253 2548 scribere,

136 2557 270 2619 praeertim
280 2573 354 2619 quum
362 2560 488 2608 scriberem

136 2623 165 2670 de
175 2622 335 2686 philoeophiu,

137 2690 185 2736 nisi
197 2690 259 2737 idem
273 2692 378 2753 placeret

137 2756 280 2813 pravissimo
292 2759 432 2811 stoicorum.

139 2823 254 2870 Puuaetio.

138 2888 168 2934 Et
185 2888 265 2950 glorie
283 2896 363 2936 eutem
375 2897 399 2937 et
411 2892 491 2951 gretie

138 2967 231 3015 peritur
243 2957 348 3003 maxime

138 3019 325 3080 defensionibus,

138 3100 212 3148 eoque
226 3087 313 3150 major,

138 3152 159 3198 ri
173 3152 269 3214 quando
280 3153 368 3200 eccidit

140 3228 166 3265 nt
177 3220 334 3267 subvenietur
349 3221 379 3266 ei.

139 3286 180 3345 oui
194 3285 304 3332 videatur
322 3285 491 3334 circumi-eniri

139 3353 267 3413 :ergerique

139 3417 226 3480 opibue
237 3417 342 3480 alicujus
363 3420 473 3480 potentie,

140 3494 167 3530 ut
181 3499 223 3529 noe
239 3483 341 3531 fecimus

139 3559 162 3596 et
179 3549 240 3596 rline
260 3565 330 3612 eaepe,

139 3625 162 3663 et
174 3614 334 3663 odoieecentce

139 3690 224 3728 contra
233 3696 289 3744 opes
301 3682 328 3730 L.
343 3681 418 3730 Sullae

140 3747 288 3795 dominantis

140 3829 184 3877 pre
202 3813 225 3862 S.
246 3814 332 3862 Roscio
345 3814 475 3872 Amerino,

140 3895 194 3941 quae
208 3882 383 3942 orationem,

142 3955 167 3993 ut
180 3947 233 3994 ecie.

507 903 548 952 dee
556 919 611 966 pene
620 904 716 952 dobien

506 970 660 1034 l'e'loqueuce,

508 1036 599 1085 deunce
610 1052 653 1099 per
665 1039 688 1084 ie
698 1046 784 1086 nature

507 1118 568 1165 pour
579 1104 601 1151 le
612 1105 678 1152 eaiut

508 1178 531 1216 et
540 1184 601 1233 pour
615 1170 639 1216 ie
651 1171 816 1217 conseruation

508 1235 549 1282 des
562 1234 690 1284 hommee'i

508 1303 540 1350 Et
551 1301 694 1365 oepeudent,

509 1382 601 1416 comme
611 1369 661 1416 oeei
672 1368 722 1416 doit
732 1371 782 1416 etre
795 1369 866 1427 erite,

509 1435 527 1482 il
540 1450 570 1482 ue
582 1435 634 1481 seut
644 1450 687 1497 pue
699 1435 761 1482 tenir
770 1436 833 1482 niuei
845 1437 860 1482 it
871 1432 984 1495 eornpuie

510 1499 539 1547 de
551 1499 662 1548 deiendro
672 1499 821 1564 quelqueioie

511 1581 545 1613 un
556 1566 681 1628 coupable,

512 1647 605 1695 pourvu
615 1647 661 1695 que
674 1649 730 1681 noue
746 1647 776 1680 ne
788 1633 916 1692 defendimur
928 1647 970 1696 pne

511 1714 546 1746 un
555 1699 656 1746 coeterae
664 1706 688 1748 et
700 1715 733 1747 ιιιι
744 1699 825 1761 impie.

512 1764 547 1812 Le
560 1764 690 1813 multitude
702 1773 758 1814 veut
769 1766 907 1828 (approuve)
917 1766 976 1823 oeci,

512 1829 537 1878 ie
546 1840 658 1879 ooutume
669 1836 688 1879 le
697 1831 796 1887 eoufire,

513 1897 655 1946 l'humenite
667 1902 743 1945 meme
757 1903 776 1944 ie
786 1897 867 1945 tolero.

512 1963 534 2012 11
543 1971 579 2012 est
591 1963 647 2012 d'uu
657 1964 718 2028 juge

513 2029 542 2076 de
553 2031 634 2078 euivre
644 2031 754 2091 toujoure
764 2029 789 2076 le
799 2029 873 2077 verite

513 2095 574 2145 dene
584 2098 618 2144 iee
628 2111 724 2151 causeo,

513 2165 532 2208 ii
546 2171 577 2209 eet
592 2162 648 2210 d’un
663 2171 756 2216 evocet,

514 2228 544 2275 de
555 2229 668 2276 defeudre
678 2229 804 2290 (eouteuir)
812 2228 960 2291 quelqueioie

514 2294 536 2341 le
548 2294 738 2349 vreieemblebIe,

515 2359 570 2407 bien
579 2361 640 2423 qu’ii
652 2362 699 2408 eoit
711 2361 789 2409 moins
799 2361 851 2407 crui
865 2375 872 2406 ι

514 2440 541 2472 ce
551 2441 597 2487 que
608 2427 632 2488 je
645 2427 760 2474 u'oeereio
775 2440 817 2489 pue

515 2493 600 2548 entire,

516 2565 611 2605 eurtout
624 2557 705 2605 tendis
715 2572 760 2619 que
770 2557 890 2621 j’ecriruie

516 2639 558 2671 eur
568 2624 592 2671 le
602 2623 762 2686 philosophie,

516 2693 536 2737 ei
549 2690 574 2738 le
582 2694 658 2737 meme
671 2689 743 2738 chore
755 2704 786 2738 ne
798 2688 895 2752 pleieeit
904 2704 946 2751 pm

517 2772 548 2803 eu
559 2756 614 2818 plue
625 2770 699 2818 greve
705 2755 747 2804 dee
755 2756 879 2811 etoicieue,

517 2825 531 2869 ie
544 2821 667 2870 Panotiue.

520 2888 685 2952 D'autrepan
695 2894 720 2936 et
725 2887 752 2936 le
761 2887 839 2951 gioire
849 2893 873 2934 et
885 2886 907 2935 le
920 2886 996 2934 eredit

517 2963 573 3002 sont
581 2952 691 3002 eufentee
700 2955 802 3017 (eoquie)
814 2954 836 3001 le
845 2953 898 3016 plue

518 3037 559 3084 pnr
571 3021 606 3069 lee
621 3019 737 3079 defensos,

517 3096 541 3134 et
554 3087 664 3134 d'uuteut
678 3088 733 3150 plue
741 3085 842 3150 grerme,

518 3154 537 3200 ei
550 3153 698 3216 quelqueioie
709 3153 727 3200 ii
739 3152 819 3200 errice

518 3234 564 3280 quo
577 3219 627 3266 l'on
643 3234 742 3266 eeooure
751 3231 788 3266 eet
800 3219 958 3281 (nuptorum,

518 3287 560 3347 qui
573 3284 678 3347 pernicie
687 3288 738 3333 etro
751 3285 881 3348 euveloppe

518 3358 542 3398 et
554 3354 604 3398 &tre
618 3354 697 3412 preme

519 3433 563 3480 per
570 3418 605 3464 lee
615 3415 691 3465 forceo
698 3416 726 3464 de
733 3417 836 3479 quelque
844 3422 930 3481 eitopen
940 3428 1057 3480 putemur,

519 3497 613 3531 comme
625 3497 687 3531 noue
699 3498 773 3530 tuone
784 3483 829 3531 seit

519 3560 543 3596 et
558 3549 725 3597 d'eutree·ioie
736 3559 844 3611 eouveut,

519 3622 542 3663 et
551 3616 702 3677 etant-jeuue

520 3687 604 3729 contre
616 3685 649 3729 iee
659 3680 736 3730 forceo
745 3681 775 3730 de
786 3682 813 3731 L.
827 3682 895 3746 Sylie

521 3747 648 3796 domiuunt
658 3751 715 3795 &ne
727 3751 791 3796 Rome

521 3829 583 3876 pour
595 3813 619 3861 S.
633 3814 735 3863 Roscius
747 3813 884 3868 d’·Amerie,

521 3880 599 3942 lequel
610 3880 716 3928 dieooure
727 3882 813 3945 existe,

523 3961 615 3993 comme
631 3955 657 3993 tu
673 3948 729 3994 eeie.
