2474 4694
400 807 606 864 presumens,
630 806 713 850 srvos
737 806 776 848 nt.
993 788 1051 846 563

129 944 176 991 quo
188 935 269 990 epieto
283 929 418 990 impetrato,
513 924 591 986 lequel
602 923 699 971 sonhrit
710 930 785 985 eyent
794 921 937 981 eteobtenn,

129 994 236 1042 Theseus
511 990 601 1038 'l'hese'e

129 1061 178 1107 fuit
191 1063 215 1106 in
228 1059 341 1107 maximis
352 1057 466 1106 luctibus.
513 1057 551 1102 sut
563 1055 667 1103 densies
678 1056 734 1118 plns
746 1052 849 1116 grandes
862 1052 985 1101 doulenrs.

129 1126 212 1185 Quidi
227 1142 302 1189 quum
320 1127 486 1187 Agememnou
513 1121 592 1182 Quoi?
605 1124 874 1183 cornmsAgememneu

130 1193 265 1240 devovisset
275 1192 361 1239 Diome
513 1188 579 1236 svait
591 1188 682 1236 deveni
695 1191 710 1235 is
722 1188 799 1235 Diene

130 1259 194 1320 qnod
207 1269 290 1305 notum
302 1267 365 1305 esset
514 1269 540 1302 oe
551 1254 593 1317 qni
603 1256 662 1302 e'tuit
671 1256 701 1302 ne

131 1324 320 1385 pulcherrimum
514 1319 544 1367 de
555 1321 611 1383 plus
622 1321 683 1368 bean

131 1392 156 1437 in
168 1406 211 1437 sue
226 1405 301 1454 regno
515 1386 576 1434 dens
587 1402 631 1435 eon
642 1401 757 1449 royrnme

132 1457 175 1503 illo
187 1473 261 1513 enno,
515 1459 575 1500 cette
586 1455 708 1518 enode-lis,

132 1523 267 1570 immolavit
280 1521 441 1584 Iphigeniam,
514 1519 533 1566 ii
546 1520 646 1568 immola
658 1519 790 1582 iphigeniis,

132 1604 181 1650 que
196 1588 258 1635 nibil
271 1596 355 1635 netum
364 1593 416 1634 eret
515 1600 544 1632 en
554 1588 721 1649 comparaison
728 1582 866 1648 delequelle
874 1583 925 1631 rien
937 1598 952 1630 n
962 1580 1057 1630 e'tsitne

133 1655 259 1716 pulchrius
516 1651 545 1698 de
556 1653 612 1714 pius
623 1653 683 1701 been

133 1736 160 1767 eo
172 1736 237 1768 enno
248 1719 358 1782 quideme
516 1726 578 1765 cette
586 1721 662 1767 onnes
671 1718 705 1766 dn
715 1717 808 1775 moins,

133 1787 278 1849 premissum
514 1792 700 1848 cettspremesss

133 1868 182 1900 non
195 1851 331 1901 faciendum
345 1849 392 1897 suit
517 1865 548 1898 ne
559 1850 639 1899 devsit
649 1866 692 1914 pes
702 1855 752 1898 etro
766 1849 824 1898 seito
835 1851 926 1909 [tenues

134 1922 297 1982 potiusqusm
310 1918 405 1964 sueinus
449 1929 452 1933 ’
516 1916 770 1980 plutoeqn'unerime
820 1945 822 1948 ⁴

135 1995 184 2032 tem
196 1993 285 2033 tetrum
518 1983 538 2030 si
549 1983 702 2032 abominebIe

134 2051 321 2098 admittendum.
517 2049 602 2097 nodet
614 2052 664 2099 etro
674 2049 784 2098 commis.

135 2117 201 2179 Ergo
213 2128 236 2165 ot
246 2117 366 2180 promisse
518 2113 587 2162 Dono
598 2125 620 2164 et
633 2118 667 2163 les
678 2117 761 2165 choses
772 2116 887 2180 promises

134 2198 310 2245 nonnunquam
517 2182 666 2244 quelqnefois

134 2266 183 2296 non
195 2249 320 2302 faciendae
518 2262 548 2294 ne
557 2247 655 2297 doivent
667 2264 709 2310 pes
719 2252 769 2296 utre
781 2247 864 2304 seiten

135 2331 213 2377 neque
226 2330 318 2378 semper
330 2313 437 2376 deposito
518 2314 543 2360 ni
556 2314 667 2377 tonjours
679 2315 713 2362 les
729 2315 813 2377 de'pdts

135 2383 260 2429 reddendo
276 2387 341 2429 sunt.
518 2394 549 2426 ne
561 2379 659 2428 doivent
668 2381 718 2428 etro
730 2381 828 2429 rendus.

136 2449 160 2495 Si
175 2448 229 2509 quis
241 2447 328 2494 mentis
338 2460 403 2493 snnre
518 2445 541 2493 Si
554 2447 686 2510 quelqu'nu
697 2446 795 2509 d’esprit
803 2446 855 2493 sein

136 2514 271 2576 deposuerit
282 2512 393 2576 gladium
519 2527 533 2558 s
548 2511 633 2575 depost
649 2528 682 2560 un
694 2513 773 2576 gleire

136 2580 199 2642 opud
213 2588 246 2635 te,
519 2576 578 2624 cher
596 2580 639 2633 toi,

137 2652 229 2708 repetet
240 2645 371 2701 insaniens,
519 2652 540 2691 ct
551 2644 612 2705 qu'il
623 2654 644 2694 te
655 2648 675 2691 ir
686 2645 788 2693 re'clsme
797 2643 929 2697 etant-iou,

137 2711 235 2759 reddere
247 2713 280 2759 sit
291 2720 428 2774 pecorinum
520 2713 540 2758 lo
549 2709 635 2758 rendre
645 2713 718 2759 sereit
728 2726 775 2758 une
784 2711 862 2766 innte3

138 2793 186 2825 nen
199 2776 306 2831 reddere,
323 2776 437 2824 ossicimn.
521 2792 551 2822 ne
562 2791 605 2837 pes
614 2782 634 2824 ic
644 2777 740 2834 rendre,
751 2793 784 2825 un
796 2778 886 2825 devoir.

138 2843 213 2903 Quid,
225 2845 246 2891 si
257 2843 280 2890 is
522 2842 592 2902 Quoi.
607 2844 626 2890 si
638 2843 701 2890 celui

138 2910 180 2972 qni
194 2909 332 2972 deposuerit
343 2905 405 2971 apud
419 2916 441 2952 to
521 2911 562 2970 qui
572 2923 632 2956 eure
641 2908 726 2971 depose
734 2908 791 2958 cher
803 2907 837 2957 toi

138 2976 276 3039 pecuniam,
522 2974 551 3021 de
564 2975 678 3037 l'ergent,

139 3042 228 3089 inseret
238 3042 327 3089 bellum
341 3039 433 3100 potrioe.
523 3042 611 3102 portoit
622 3041 646 3088 le
658 3056 743 3104 guerre
753 3042 801 3088 eso
811 3033 896 3103 patrie,
947 3103 950 3106 Δ

140 3106 256 3155 redderes
267 3106 420 3170 depositum?
523 3115 599 3154 est-ce
610 3122 656 3169 que
667 3114 693 3154 tu
706 3111 740 3154 Ior'
752 3107 861 3155 rendreis
872 3122 916 3155 son
926 3105 1007 3166 deperi

115 3221 116 3225 ,
139 3172 304 3231 Non,oredo;
523 3172 623 3236 Non‚je
638 3175 717 3231 orois3

140 3240 215 3287 facire
224 3238 288 3288 enim
523 3255 551 3286 en
564 3240 619 3286 esset
631 3247 656 3287 tu
669 3238 759 3302 egirnis

140 3314 226 3354 contre
237 3303 418 3368 rempublicam,
523 3315 605 3353 contre
616 3306 641 3353 le
651 3306 801 3369 republiqno,

141 3388 195 3433 quse
213 3372 282 3419 debet
295 3386 346 3417 esse
362 3367 492 3416 carissime.
523 3375 565 3432 qni
580 3372 630 3420 doit
645 3374 695 3419 etro
705 3373 730 3419 ie
742 3373 796 3435 plus
808 3370 887 3418 chere.

142 3438 181 3486 Sic
193 3438 279 3491 multe,
293 3451 347 3499 quae
358 3434 471 3480 videntur
523 3439 592 3485 Ainsi
602 3439 630 3485 de
638 3439 792 3486 nombreuses
799 3438 890 3494 choses,
898 3436 938 3499 qni
947 3435 1061 3483 semblent

142 3518 193 3550 esse
207 3503 308 3551 honeste
320 3511 416 3558 notura,
523 3506 574 3551 etrs
584 3503 700 3552 honneus
712 3519 755 3567 per
766 3514 859 3560 nature,

142 3570 205 3616 tiunt
216 3585 264 3616 non
277 3568 377 3617 honesto
525 3569 669 3617 deviennent
680 3585 729 3618 non
742 3571 858 3618 honnetes

142 3637 300 3697 temporibus.
525 3651 568 3697 por
580 3636 614 3682 les
624 3640 809 3685 circonstanccs.

142 3702 162 3749 F
163 3716 231 3749 acere
242 3700 368 3763 promisse,
525 3702 594 3749 Fnire
606 3702 641 3750 les
653 3703 737 3750 choses
747 3703 869 3766 promisee.

142 3777 205 3815 stare
217 3768 350 3818 conventis.
524 3778 598 3815 tester
610 3768 670 3816 dens
681 3770 716 3816 les
727 3769 811 3817 choses
821 3782 964 3826 consenum,

144 3834 242 3881 reddere
255 3834 369 3896 deposito.
525 3834 610 3881 rendre
624 3836 659 3883 les
675 3834 765 3899 de'pots,

144 3900 248 3947 utilitate
262 3908 420 3955 commutem,
525 3901 623 3948 l'utilite
635 3903 701 3949 e'tent
715 3903 830 3965 chongde.

144 3967 206 4014 tinnt
216 3981 264 4012 non
279 3966 386 4012 honesta.
527 3966 670 4016 ‹leviennent
687 3968 770 4015 choses
784 3984 831 4015 non
845 3967 967 4013 honuistoo.
