2474 4694
237 761 292 818 tat
523 761 560 804 ne
580 722 805 807 otricus-'utem
828 763 847 807 ι.

230 881 324 952 magio,
340 879 361 933 si
378 877 490 935 suntad
511 894 567 933 rem
580 878 723 933 militarem
738 878 794 951 apti
810 886 837 934 et
855 880 946 952 cupidi
960 879 1091 936 bellorum
1103 898 1151 952 ge-

230 995 383 1051 rendorum.
398 994 466 1049 Vere
481 999 572 1049 autem
586 992 609 1047 si
623 993 748 1048 volumus
757 993 887 1063 judicare,
902 995 995 1050 multae
1012 1013 1056 1051 res
1068 998 1151 1053 exsti-

230 1120 322 1170 terunt
338 1113 450 1168 urbanae
464 1112 581 1182 maiores
594 1110 777 1182 clarioresque
789 1126 871 1182 quam
892 1112 1005 1170 bellicae.
1022 1115 1152 1182 Quamvis

229 1227 302 1284 enim
322 1226 517 1282 Themistocles
534 1227 596 1296 jure
615 1224 751 1292 laudetur,
766 1234 794 1280 et
817 1226 853 1280 sit
872 1227 933 1298 ejus
953 1244 1050 1283 nomen
1070 1246 1152 1301 quam

229 1341 335 1399 Solonis
347 1341 486 1409 illustrius,
502 1341 655 1413 citeturque
672 1342 786 1398 Salamis
805 1341 964 1400 clarissimae
979 1346 1053 1401 testis
1067 1348 1154 1402 victo-

230 1459 288 1527 riae,
302 1474 364 1531 quae
376 1466 558 1532 anteponatur
571 1459 685 1515 oonsilio
701 1459 808 1516 Solonis
823 1461 862 1528 ei,
878 1478 931 1532 quo
948 1465 1063 1535 primum
1085 1482 1152 1519 oon-

230 1576 319 1632 stituit
329 1576 517 1648 Areopagitas,
528 1593 581 1632 non
593 1577 847 1649 minuspraeclarum
859 1578 998 1649 hooquam
1006 1579 1070 1634 illud
1078 1581 1152 1651 judi-

230 1689 347 1744 candum
368 1698 419 1745 est.
434 1690 501 1746 lllud
521 1691 591 1745 onim
617 1691 700 1746 semel
718 1692 832 1764 profuit,
848 1693 900 1749 hoo
917 1709 1023 1767 semper
1036 1694 1157 1767 proderit

231 1804 348 1872 eivitati;
367 1805 418 1860 hoo
432 1804 543 1861 consilio
565 1804 639 1876 leges
656 1804 876 1874 Atheniensium,
892 1805 944 1861 hoo
962 1809 1092 1878 majorum
1113 1808 1154 1860 in-

231 1922 325 1978 stituta
332 1928 486 1978 serventur.
499 1923 532 1976 Et
544 1921 737 1978 Themistocles
750 1922 860 1996 quidem
868 1922 934 1977 nihil
943 1922 1049 1987 dixerit,
1060 1923 1086 1976 in
1100 1937 1152 1994 quo

231 2038 292 2110 ipse
305 2037 473 2109 Areopagum
494 2035 644 2109 adjuverit3
661 2044 689 2093 at
704 2037 747 2094 ille
761 2055 826 2094 rere
842 2054 856 2093 a
871 2055 901 2094 se
913 2040 1034 2109 adjutum
1046 2038 1153 2094 Thorni-

232 2152 356 2209 utoolem.
373 2153 423 2209 Est
434 2154 506 2209 enim
519 2154 620 2209 bellum
634 2162 741 2225 gestum
754 2155 868 2210 oonsilio
880 2163 987 2211 senatus
999 2156 1068 2226 ojus,
1080 2156 1127 2226 qui
1139 2173 1153 2210 a

231 2268 329 2326 Solone
349 2275 408 2325 erat
427 2269 604 2324 constitutus.
625 2270 700 2325 Licet
725 2271 821 2327 eadem
843 2269 877 2326 do
893 2271 1026 2326 Pausania
1051 2272 1154 2342 Lysan-

200 2512 203 2518 Α
231 2489 256 2538 lt
267 2488 364 2553 passion
378 2486 443 2535 dele
462 2501 557 2551 guerro.
572 2486 635 2534 Maio
650 2487 671 2534 ai
683 2502 745 2536 noue
756 2487 859 2536 toulone
872 2489 946 2553 juger
965 2491 1099 2540 eainement
1113 2490 1154 2539 deo

232 2599 325 2658 ohotea,
338 2599 448 2647 oombien
459 2608 676 2646 trouverons-nous
693 2596 812 2646 d’notiono
830 2599 913 2646 civiles
932 2601 986 2662 plus
997 2601 1154 2663 importante·

233 2717 257 2759 et
269 2710 323 2773 plue
335 2711 468 2775 glorieusoo
480 2725 525 2773 que
536 2711 570 2757 leo
586 2710 660 2758 hnuto
677 2709 734 2758 l'aits
743 2710 886 2758 militeires!
901 2711 1009 2774 Queiqne
1020 2712 1097 2775 justes
1109 2729 1153 2776 que

232 2825 311 2872 soient
331 2824 366 2871 lee
378 2824 497 2887 louengos
516 2824 590 2886 qu'on
612 2823 691 2872 donne
710 2825 724 2870 t
744 2824 914 2883 Themistocle,
928 2827 1030 2888 quoique
1043 2843 1086 2874 son
1098 2844 1152 2875 nom

233 2936 281 2983 noit
295 2934 350 2998 plue
359 2935 452 2983 eelebre
468 2949 513 2997 que
530 2933 592 2981 oelui
615 2934 644 2981 de
662 2933 745 2993 Solon,
758 2940 781 2981 ot
797 2949 843 2996 que
857 2951 885 2982 se
895 2936 1044 2999 magnilique
1057 2937 1152 2984 victoire

234 3044 262 3093 de
274 3044 396 3093 Salamine
412 3044 460 3092 eoit
472 3043 532 3092 mise
546 3044 677 3093 eu-‹leosus
693 3044 722 3090 de
739 3044 940 3094 t'otuhtissement
954 3046 983 3093 de
999 3047 1152 3110 rnrtopngn,

234 3163 294 3203 cette
306 3153 415 3202 derniere
428 3154 506 3217 gleire
518 3170 547 3202 ne
559 3154 611 3202 doit
624 3171 666 3218 pue
686 3170 748 3203 noue
768 3161 874 3218 pnrnltre
893 3159 972 3205 moins
984 3159 1100 3205 brillante
1110 3175 1151 3221 qur

234 3271 257 3315 tn
269 3265 393 3328 premiere.
409 3262 470 3310 L'un
484 3279 498 3309 a
510 3264 546 3310 titi
561 3265 621 3311 utile
639 3282 687 3313 une
706 3267 772 3313 seule
786 3266 831 3314 soie
844 3269 858 3313 it
873 3283 899 3313 su
916 3268 1001 3330 patrie,
1016 3267 1102 3314 l'uutre
1121 3269 1152 3314 lui

229 3380 283 3414 tere
301 3367 361 3415 utile
377 3366 489 3430 toujonrr
502 3384 508 3418 :
521 3365 579 3414 c'eet
596 3365 612 3412 e
629 3379 656 3412 ee
675 3377 733 3425 aege
752 3362 889 3410 institution
908 3377 954 3423 que
971 3361 1005 3408 los
1023 3359 1153 3409 Atheniens

230 3468 327 3518 doivent
339 3469 364 3516 le
375 3467 539 3517 oonoervetion
560 3469 590 3517 de
608 3467 672 3515 leuro
690 3466 736 3514 lois
750 3475 774 3515 et
787 3466 827 3514 des
842 3472 965 3513 coutumes
982 3465 1010 3513 tle
1030 3467 1093 3513 ieure
1111 3481 1152 3513 ou·

229 3578 313 3632 cetron,
330 3574 493 3625 Themistocle
504 3591 534 3623 ne
548 3574 641 3623 emunit
654 3572 705 3621 dire
716 3572 776 3634 qu’il
789 3572 823 3619 eit
836 3573 872 3618 etti
887 3571 920 3618 du
933 3571 1044 3620 moindre
1058 3587 1153 3621 oeconre

230 3681 407 3747 il’Areopego,
416 3680 497 3731 tondis
508 3695 554 3743 qne
565 3679 710 3742 l’Airopege
718 3694 733 3725 e
742 3678 778 3725 ete
790 3677 847 3724 d’un
863 3677 942 3741 grand
954 3693 1050 3726 secours
1064 3677 1152 3726 itTlre'-

230 3788 348 3836 miotoole.
363 3786 400 3835 En
416 3783 480 3843 effet,
497 3784 516 3831 ni
532 3783 557 3831 lu
573 3797 660 3848 guerre
671 3783 710 3830 fut
722 3783 853 3846 entreprise
873 3784 930 3830 c'ent
947 3798 990 3847 pnr
1001 3783 1037 3830 les
1051 3781 1152 3829 ooneeila

231 3891 260 3938 de
270 3906 296 3940 oe
307 3891 376 3938 tenet
389 3888 532 3952 qu'institue
543 3885 625 3935 Solon.
639 3884 676 3935 On
690 3893 789 3950 penten
803 3884 854 3932 dire
873 3890 959 3932 nutant
975 3884 1002 3932 de
1019 3883 1151 3933 Peruenins
