2364 4634
248 816 305 877 532
536 819 572 864 ns
592 820 712 865 osricus
732 818 813 864 atses
835 821 878 865 ru.

247 949 310 999 sunt
321 943 379 1011 jura
392 937 555 995 communia.
571 935 649 1005 Quod
661 939 688 991 ni
701 937 739 991 ita
753 944 833 1003 osset,
849 954 993 1010 nunquam
1004 940 1092 995 clarus
1102 941 1160 997 rime

247 1048 358 1095 serratus
370 1039 476 1095 vinctos
490 1038 612 1095 hostibus
625 1036 797 1094 dedidissem

282 1141 371 1197 XXX.
395 1144 432 1197 ts
450 1156 513 1196 uero
532 1141 563 1195 t.
578 1140 705 1195 Veturius
723 1147 752 1195 et
771 1140 885 1212 Spurius
899 1140 1067 1207 Postumius,
1090 1158 1160 1215 quun

247 1244 343 1300 iterum
363 1241 488 1299 eonsules
505 1248 610 1308 essent,
629 1240 709 1309 quia,
730 1256 814 1311 quum
833 1240 905 1297 male
925 1250 1079 1313 pugnatum
1102 1241 1160 1315 spui

244 1342 379 1399 Caudium
398 1349 479 1407 esset,
503 1338 654 1409 legionibus
671 1338 770 1395 nostris
784 1338 835 1395 sub
848 1340 945 1411 jugum
960 1343 1065 1410 missis,
1079 1358 1161 1416 paren

246 1460 306 1499 eum
324 1443 489 1501 Samnitibus
507 1443 634 1509 fecerant,
653 1440 738 1497 dediti
755 1450 820 1497 suot
834 1440 890 1507 his;
906 1442 1017 1514 injussu
1032 1446 1106 1501 enim
1120 1461 1161 1517 po-

247 1546 302 1618 puli
317 1554 483 1616 senatusque
498 1545 626 1600 lecerunt.
641 1542 795 1614 Eodemque
807 1548 929 1615 tempore
942 1546 976 1600 T.
989 1547 1131 1603 Numicius
1142 1556 1161 1601 et

246 1648 278 1716 Q.
293 1648 423 1714 AEmilius,
439 1648 553 1717 quitum
567 1645 669 1700 tribuni
683 1644 771 1716 plebis
784 1650 870 1711 erant,
885 1644 958 1716 quod
972 1662 1070 1703 eorum
1080 1658 1161 1705 auctu

247 1749 327 1804 ritate
339 1766 390 1819 pax
405 1755 463 1803 orat
476 1746 555 1813 lacta,
570 1745 653 1802 dediti
669 1751 743 1813 sunt,
763 1753 793 1800 ut
802 1760 854 1816 pax
866 1744 1033 1803 Samnitium
1047 1751 1161 1823 repudiu-

247 1858 331 1904 rotur.
348 1854 435 1921 litque
447 1848 527 1921 hujus
538 1848 682 1905 deditionis
695 1849 754 1921 ipso
767 1848 931 1914 Postumius,
947 1850 996 1921 qui
1011 1852 1158 1908 dedebatur.

246 1958 474 2006 suasoretuuctor
482 1952 541 2006 luit.
550 1951 627 2019 Quod
636 1949 707 2005 idem
716 1950 806 2005 multis
813 1949 997 2023 annispostC.
1005 1954 1159 2011 lluneinus'.

246 2052 303 2123 qui,
313 2059 343 2106 ut
353 2052 535 2115 Numantinis,
546 2053 709 2124 qttilruscum
720 2052 778 2107 sine
788 2060 899 2107 mustus
907 2055 1073 2111 auctoritate
1084 2056 1160 2113 tutus

246 2152 355 2219 iecerat,
367 2154 517 2220 dederetur,
531 2154 696 2224 rogationem
707 2154 867 2223 suasitesm,
876 2169 957 2225 quam
965 2155 1068 2212 Lucius
1076 2159 1160 2213 Furius

246 2262 273 2309 et
286 2255 313 2311 S.
332 2257 460 2310 Attilius³
475 2274 507 2311 ax
519 2256 752 2313 senatusconsulto
765 2257 901 2327 ferebant5
917 2274 972 2329 qua
987 2269 1110 2333 accepta,
1125 2272 1160 2317 est

248 2360 495 2418 hostibusdeditus.
520 2362 661 2416 Honestius
684 2360 730 2415 ltin
751 2378 833 2433 quam
857 2362 890 2430 0.
914 2366 1084 2437 Pompeius⁴,
1103 2384 1158 2439 qun.

246 2582 292 2630 ciel
306 2591 329 2628 et
345 2580 463 2643 plusieurs
481 2589 561 2629 autres
574 2578 650 2627 ‹lroits
664 2580 753 2627 etaient
766 2580 919 2643 npplicablas.
932 2582 975 2629 S'il
989 2583 1046 2631 n'en
1058 2585 1114 2631 etsit
1124 2600 1160 2647 pat

246 2669 317 2730 ninsi,
337 2686 367 2717 on
387 2670 493 2717 n'nurnit
505 2686 546 2733 pss
561 2685 593 2716 uu
605 2669 716 2722 lesenst,
731 2668 791 2716 dsns
803 2667 961 2717 deoartsinss
975 2672 1114 2730 oeessioos,
1139 2670 1153 2718 li

246 2776 299 2808 srer
310 2764 325 2808 it
336 2763 446 2809 l'ennsmi
459 2762 499 2810 des
510 2763 618 2824 citoyens
627 2763 742 2810 illustres.

277 2852 357 2903 XXX.
376 2854 405 2902 L.
419 2854 535 2902 veturius
550 2863 574 2902 st
590 2855 630 2917 Sp.
645 2855 794 2914 Postumius,
807 2861 862 2904 tons
876 2855 940 2904 dsttx
951 2860 1052 2908 oonsnts
1068 2875 1128 2924 pour
1140 2861 1161 2908 ls

248 2947 417 3007 secundulus,
432 2947 513 2997 iurent
527 2949 599 2995 liure's
609 2964 657 2996 eux
668 2948 805 3009 Samnites,
819 2965 889 3013 peres
901 2952 1013 3015 qu'spres
1025 2956 1049 3002 ls
1062 2954 1162 3003 distatis

244 3039 409 3096 deCsudium,
416 3042 447 3086 oia
456 3055 499 3088 nos
508 3040 602 3102 legions
611 3042 707 3089 avaient
715 3042 752 3089 e'ts
760 3042 942 3104 psssiessousls
950 3043 1023 3108 jung,
1031 3046 1062 3094 ils
1071 3050 1161 3095 susient

245 3133 843 3195 conclulnpsixssnsl'sntorisntionduslnntstdu
851 3136 943 3199 peupla.
951 3136 988 3185 En
996 3141 1160 3205 memstemps,

245 3224 274 3272 Τ.
289 3224 416 3273 Numicius
429 3224 494 3286 etQ.
508 3211 620 3284 limilins,
637 3230 732 3275 triburis
748 3227 780 3275 du
793 3228 887 3291 peuple,
898 3230 940 3293 qui
951 3233 1051 3282 srsient
1062 3238 1162 3284 sutorisi

245 3325 307 3365 nette
317 3320 383 3382 pnix,
397 3318 478 3365 intrent
491 3320 563 3366 liures
575 3323 650 3374 uussi,
665 3322 713 3367 nlin
727 3337 773 3382 qus
791 3322 814 3369 le
827 3324 898 3370 trstte
908 3340 933 3372 ss
952 3330 1053 3376 tronuit
1065 3331 1160 3377 nnnuli.

245 3410 276 3458 Et
289 3416 350 3456 cetto
366 3410 498 3457 resolution
512 3410 621 3473 surprise
633 3427 676 3473 pur
686 3413 708 3460 le
721 3415 811 3462 oonssil
823 3386 940 3463 mentedo
953 3417 1104 3478 Postumius,
1123 3424 1162 3485 qui

245 3501 324 3548 deruit
334 3516 362 3548 sn
373 3502 536 3549 errsvtenme.
550 3503 585 3550 De
597 3504 700 3565 tongues
710 3509 798 3553 eunies
810 3510 887 3569 apres,
899 3507 928 3557 G.
942 3508 1083 3575 Menelaus,
1091 3523 1164 3578 sysut

245 3595 309 3641 aussi
320 3595 364 3641 t'nit
376 3596 400 3641 ln
410 3598 467 3658 psix
486 3611 543 3644 srec
564 3596 688 3645 Numanae
703 3614 759 3646 sens
773 3600 862 3649 l’orrlrs
872 3602 905 3650 du
917 3604 1000 3666 senet,
1020 3604 1164 3656 demandas

244 3690 294 3737 itrs
309 3690 369 3738 livre
383 3694 397 3737 is
412 3691 534 3749 l'snustni,
548 3700 571 3739 at
586 3708 681 3756 uppupu
696 3696 720 3743 la
742 3698 888 3758 proposition
904 3713 950 3761 qus
967 3698 991 3747 le
1009 3702 1080 3749 senet
1092 3718 1122 3750 sn
1138 3702 1163 3751 fit

245 3779 305 3829 luite
320 3797 351 3829 su
368 3784 452 3847 peupls
465 3799 509 3847 pur
528 3784 555 3833 L.
575 3786 664 3833 Furius
684 3795 708 3834 et
720 3787 786 3836 Sext.
800 3789 912 3837 Attilius.
931 3790 998 3839 Cotto
1015 3795 1162 3857 proposition

246 3874 283 3920 fut
293 3881 409 3937 acceptis.
420 3886 444 3924 et
456 3876 584 3926 Mancinus
592 3878 652 3926 liurs'·
661 3894 708 3926 aux
722 3879 879 3930 Numantins.
893 3882 925 3931 Ss
934 3882 1048 3933 oonduits
1058 3886 1096 3935 fut
1110 3888 1163 3950 plus

246 3963 378 4013 honornlils
392 3982 438 4029 qus
448 3971 508 4019 cella
519 3970 547 4018 de
559 3970 589 4032 Q.
603 3971 715 4035 Poinpu'e,
728 3974 779 4034 qui,
791 3973 851 4022 dens
861 3991 910 4023 une
920 3978 1088 4028 circonstsnoe
1100 3995 1161 4028 sem·
