2474 4694
401 874 456 917 urs
472 871 618 926 neroum,
642 869 725 913 turne
749 871 788 914 ru.
1003 858 1063 919 539

133 987 224 1038 Statum

134 1058 247 1104 omnibnr
261 1054 336 1112 violer

132 1123 163 1168 nd
176 1138 217 1170 eas

133 1199 171 1235 tus
184 1199 208 1237 et
224 1187 296 1236 cerei.

132 1255 197 1314 Quid
215 1253 309 1302 multu?

131 1321 209 1369 Nemo
225 1336 333 1384 unquam

132 1389 180 1434 suit
195 1387 274 1435 onrior
286 1385 450 1434 multitudini.

132 1455 191 1502 lime
203 1462 260 1502 nunt

132 1536 186 1583 quoe
201 1519 349 1568 conturbant

132 1601 309 1648 nonnunquam

130 1651 243 1700 hominen

132 1720 157 1767 iu
174 1718 354 1775 deliberatione,

131 1800 206 1848 quum
219 1785 244 1833 id
256 1787 281 1832 in
297 1799 344 1846 quo
358 1783 460 1845 equitus

133 1853 240 1900 violetur

131 1935 179 1966 nou
197 1917 292 1966 videtur
311 1916 344 1963 itu
360 1931 487 1977 meginun.

131 1984 195 2032 illud
210 1995 291 2031 eutem

131 2050 196 2113 quod
207 2050 301 2114 peritur
320 2063 350 2096 ex
362 2062 390 2096 eo

130 2131 292 2179 permagnum
307 2131 313 2160 ι

132 2194 159 2230 ut
170 2183 296 2230 videbatur
308 2180 385 2229 llario

131 2265 180 2297 uon
193 2251 228 2297 ito
238 2258 307 2310 turpe

131 2318 202 2380 proeri
207 2331 260 2379 pere
270 2314 371 2376 collegit

131 2396 155 2429 et
167 2384 270 2430 tribunis
281 2380 357 2443 plebio

130 2451 235 2511 gretiam
247 2448 396 2511 popularem.

132 2516 202 2562 vuldo
216 2516 276 2563 utile

132 2581 183 2629 lieri
195 2581 319 2629 consulem
330 2579 361 2626 ob
370 2594 421 2625 earn
430 2593 488 2635 rom,

130 2648 195 2710 qnod
208 2657 266 2695 tuno

131 2723 287 2775 proposuerat
300 2710 355 2759 eibi.

132 2780 179 2828 Sed
188 2790 224 2827 est
235 2797 284 2827 unu
298 2780 380 2841 regulo

131 2848 241 2894 omnium

131 2928 204 2974 quern
216 2913 287 2975 cupio

131 2995 183 3026 esee
193 2981 345 3026 notissimum
360 2978 404 3025 tibi
414 2994 420 3024 :

133 3055 199 3093 utne
211 3045 285 3098 illud.

131 3111 196 3173 quod
209 3112 305 3159 videtur
318 3111 387 3171 utile,

132 3181 165 3225 eit
176 3187 260 3241 turpe;

131 3254 183 3297 nut,
198 3246 218 3291 ei
230 3253 267 3292 est
278 3251 354 3306 turpe,

132 3327 161 3357 ne
173 3311 283 3358 videatur
294 3325 345 3356 esee
355 3308 428 3357 utile.

132 3376 197 3437 Quid
211 3371 307 3440 igitur?

131 3459 290 3504 possumusne
300 3441 409 3505 judicare

131 3510 259 3556 nutilium
275 3510 388 3562 Marium.

130 3587 174 3622 eut
184 3574 258 3632 hunc.

132 3643 212 3688 virum
225 3639 336 3689 bonum?

131 3709 234 3770 Explica
245 3717 315 3769 atque
325 3715 411 3753 excute

131 3784 198 3822 tuum
211 3774 406 3834 intelligentiam.

130 3851 158 3889 ut
169 3840 249 3887 videus
260 3854 313 3901 quae
329 3840 361 3885 eit
373 3840 396 3885 in
411 3852 440 3886 eo

129 3912 228 3969 species.
243 3905 320 3953 fotura
330 3912 353 3952 et
365 3904 431 3952 notio

131 3975 177 4019 viri
190 3973 256 4019 boni.

130 4039 201 4088 Cedit
213 4052 271 4097 erpo

520 989 566 1038 Dee
578 997 668 1036 rtutuee
680 993 714 1036 lui
725 992 803 1050 {urent
812 993 906 1041 ὀπυίει

518 1056 578 1103 dene
590 1063 668 1105 touter
679 1056 715 1103 les
724 1071 791 1113 ruera

518 1121 608 1184 proedo
624 1137 663 1169 coe
674 1131 756 1170 etotuee
768 1129 845 1184 nume
853 1128 925 1174 mlle

519 1188 548 1235 de
558 1189 662 1236 l'enoene
674 1200 697 1236 et
707 1188 747 1237 doe
759 1190 905 1239 flambeeux.

519 1254 639 1317 Pourqnoi
648 1259 697 1303 dire
709 1256 831 1320 beaucoup
842 1256 871 1306 de
883 1259 991 1319 poreter’

517 1321 733 1383 Perronnejemnie

517 1403 546 1434 no
557 1388 595 1435 sut
604 1389 658 1451 plue
670 1387 727 1436 oher
739 1389 788 1438 ile
797 1389 936 1440 multitude.

516 1454 560 1502 Coe
571 1452 656 1502 choree
668 1462 724 1504 nont
735 1459 798 1505 cellen

516 1521 557 1581 qui
568 1520 693 1570 troublent

516 1585 667 1648 quelqueioie

516 1653 551 1700 lee
563 1652 670 1700 homme·

516 1717 576 1765 dene
591 1719 615 1766 ln
627 1718 795 1775 deliberarint.

515 1785 612 1846 loroque
621 1801 648 1833 oo
657 1801 687 1833 en
699 1787 756 1849 quoi
769 1786 868 1850 l'equite

516 1859 552 1898 eet
562 1852 639 1899 niolio

516 1932 545 1964 ne
558 1921 636 1980 paruit
644 1933 686 1978 pue
699 1918 821 1967 tellement
833 1920 922 1984 grand,

516 1985 577 2031 meir
588 1999 635 2046 que
646 1984 698 2032 oele

516 2051 556 2111 qui
569 2059 605 2098 ert
616 2050 715 2098 ensentd
732 2051 822 2099 decoci
837 2052 888 2113 (qui
903 2068 932 2101 en
945 2053 1046 2113 renuite)

515 2123 588 2175 por-ott
597 2117 732 2179 troo-grand
743 2136 748 2164 ε

515 2197 608 2230 comme
619 2183 636 2230 il
648 2185 775 2246 pnraieseit
785 2186 801 2231 le
812 2185 904 2233 Meriue

517 2263 546 2295 ne
557 2264 600 2312 pue
611 2253 657 2296 Atre
670 2250 793 2297 tellement
805 2251 913 2299 lronteux

516 2314 545 2359 do
558 2313 749 2363 revit-d'evunce
765 2319 781 2364 ir
794 2334 826 2363 m
839 2317 960 2380 colleguee

517 2388 541 2426 et
552 2396 600 2427 tux
613 2382 708 2429 tribune
720 2381 752 2428 du
764 2383 849 2446 peuple

517 2447 541 2493 le
551 2446 635 2494 favour
645 2447 779 2510 populaire.

517 2517 574 2560 mole
584 2517 602 2560 r'l
614 2516 648 2560 lui
658 2517 781 2574 pomireoit
793 2514 842 2561 sort
854 2513 915 2561 utile

517 2577 547 2626 de
559 2578 657 2627 devenir
674 2581 758 2627 ooneul
771 2595 832 2642 pour
849 2594 876 2627 oe
890 2580 944 2638 seit,

516 2648 580 2692 cluere
591 2646 698 2707 qu'nlore

517 2712 534 2757 il
546 2713 612 2758 nvait
623 2713 735 2774 proposde
748 2712 764 2759 d
775 2711 910 2760 lui-meme.

519 2777 579 2824 Mnie
588 2778 606 2825 il
620 2786 656 2826 eet
668 2793 715 2825 une
725 2778 791 2827 reule
802 2779 869 2841 tegle

518 2842 547 2890 de
560 2853 638 2890 toute!
649 2843 742 2900 choree,

517 2909 620 2972 laquelle
627 2910 653 2972 je
665 2909 742 2958 deeire

516 2978 566 3023 etro
580 2978 735 3024 trie-conone
745 2977 761 3024 i
770 2975 817 3039 (de)
831 2977 880 3025 toi:

517 3057 548 3089 ou
558 3058 604 3105 que
613 3044 677 3100 oola.

517 3110 559 3171 qui
571 3113 651 3172 pnrett
661 3109 730 3167 utile,

517 3190 547 3222 ne
559 3176 606 3224 eoit
617 3191 662 3238 pes
672 3175 797 3223 hontouxe

517 3257 557 3295 ou.
571 3243 590 3290 ei
599 3247 647 3289 celo
663 3253 700 3288 oet
711 3241 829 3295 houteox.

516 3323 562 3370 quo
575 3312 623 3355 celo
632 3323 662 3355 ne
672 3309 778 3370 peroieee
790 3323 833 3372 pu
846 3311 896 3358 etro
913 3309 981 3358 utile.

516 3374 579 3436 Quoi
592 3372 671 3422 done?

516 3456 700 3503 pontone-noue
715 3440 788 3501 juger

516 3523 547 3555 ou
560 3518 597 3556 oet
608 3513 688 3554 numen
699 3507 799 3563 lleriue.

516 3588 546 3621 ou
557 3575 653 3620 celui-ci
666 3573 852 3634 (Gratidianus),

515 3645 576 3685 orote·
587 3641 620 3687 lte
630 3640 727 3686 homme
738 3637 856 3687 de-bien?

516 3705 651 3768 De'reloppe
662 3715 686 3753 et
695 3720 781 3752 eeooue

514 3777 554 3817 ton
567 3773 730 3833 intelligenoe‚

515 3837 562 3884 elin
576 3851 622 3899 quo
632 3850 657 3884 tu
676 3838 739 3885 voiee
751 3837 829 3899 quelle
840 3842 876 3884 eet
888 3851 917 3883 en
929 3836 976 3885 elle

515 3903 674 3965 l'eppurenee,
686 3904 711 3951 le
724 3903 802 3950 forme
818 3911 841 3950 et
851 3901 923 3951 l‘idde

515 3969 544 4015 do
556 3969 672 4016 l'homrne
681 3969 782 4018 deblen.

515 4036 655 4085 Tombetil
666 4035 827 4099 (convient-il)
838 4033 901 4083 done
