2474 4694
116 754 173 811 200
319 730 322 735 '
404 743 442 789 oc
463 744 582 791 urricus
604 744 688 790 trouu
711 745 731 791 1.

109 877 191 933 utque
203 859 316 917 abdidit.
330 863 405 916 llanc
418 877 522 918 nuiuroe
533 877 588 918 turn
605 873 761 934 ourgcntern
782 864 912 919 loorlcam
927 871 1033 922 imitata

108 974 150 1023 est
161 967 299 1024 bominum
311 968 485 1024 verecundia.
498 970 566 1039 Quae
577 971 649 1026 enim
662 978 758 1026 nutura
770 971 928 1040 occultavit,
938 973 1033 1029 eudoni

109 1074 264 1145 omnesqui
280 1090 346 1131 sana
359 1082 448 1131 niente
462 1083 526 1130 suut
541 1083 682 1134 removent
693 1076 727 1132 ab
747 1077 847 1145 oculie3
867 1078 978 1151 ipsique
989 1096 1034 1136 no·

107 1179 224 1237 cessitati
234 1179 301 1236 dant
313 1197 421 1253 operam
437 1189 465 1236 ut
478 1198 559 1255 quarn
574 1182 753 1239 occultissimo
767 1189 893 1256 pareant;
903 1200 1032 1256 quorum·

107 1301 161 1357 que
173 1285 287 1356 partium
301 1278 420 1359 corporis
434 1301 499 1342 usus
514 1294 578 1343 sunt
593 1288 753 1357 necessarii,
769 1304 817 1344 cas
831 1305 920 1360 neque
938 1298 1036 1365 partos·

107 1410 196 1467 neque
209 1412 302 1451 eanum
318 1396 447 1452 usussuis
461 1395 617 1451 nominibus
631 1397 784 1470 appellant,
801 1398 928 1470 qrrodque
941 1397 1032 1454 lacere

107 1506 186 1574 turpe
200 1518 254 1558 nou
268 1511 321 1571 eet,
336 1502 413 1558 modo
427 1501 543 1570 occulte,
558 1502 584 1557 id
599 1502 689 1559 dicere
702 1502 850 1558 obscenum
869 1510 920 1558 cst.
936 1504 1031 1575 ltaque

106 1623 157 1662 uec
170 1614 263 1680 aperta
272 1608 341 1664 actio
354 1624 444 1664 rerum
456 1607 562 1662 illarum
574 1608 723 1680 petulantia
737 1616 826 1677 vacat,
837 1625 888 1664 nco
899 1610 1031 1665 orationis

106 1713 266 1771 obscenitas.
286 1716 343 1771 Nec
360 1730 424 1770 vcro
444 1713 572 1769 audiendi
593 1721 656 1769 sunt
679 1715 784 1787 cynici,
806 1720 854 1770 aut
873 1715 895 1769 si
919 1715 1031 1770 tucrunt

104 1821 182 1877 stoici
202 1836 280 1893 paene
296 1821 400 1894 cynici,
424 1821 470 1892 qui
487 1819 688 1892 reprehendunt
703 1828 729 1876 ct
744 1819 873 1886 irrident,
894 1817 966 1890 quod
985 1834 1027 1882 eu,

105 1942 166 1998 quae
180 1927 310 1999 turpiore
326 1942 378 1982 non
393 1926 462 1995 sint,
478 1925 633 1981 nominibus
654 1942 686 1981 ec
701 1925 792 1982 verbis
805 1924 935 1997 flagitiosa
953 1925 1029 1979 dico·

104 2047 175 2100 muo,
187 2031 234 2087 illa
248 2038 348 2102 autem,
362 2048 425 2106 quae
437 2031 525 2105 turpia
536 2032 599 2100 sint,
612 2032 766 2087 nominibus
777 2031 944 2104 appellemus
959 2031 1025 2088 suis.

104 2139 285 2207 latrocinari,
307 2138 449 2208 fraudere,
470 2138 627 2206 adulterari,
644 2155 672 2194 re
695 2147 773 2211 turpe
792 2146 846 2207 est,
861 2138 907 2193 scd
928 2138 1026 2192 dicitur

102 2453 238 2518 choquonte
249 2459 273 2502 el
284 2452 449 2517 derogrceblo.
466 2453 501 2502 Lu
515 2452 610 2515 pudeur
628 2452 658 2500 do
675 2450 818 2500 l'hornmeo
835 2451 897 2500 ouili
910 2460 970 2501 cette
980 2451 1022 2501 od·

103 2552 207 2601 mirublo
225 2551 367 2617 disposition
388 2550 417 2599 do
437 2552 462 2600 ln
482 2559 589 2599 nature:
607 2558 662 2600 tour
674 2566 736 2599 ceux
755 2551 797 2615 qui
811 2552 932 2614 n'outpes
950 2551 1024 2615 perdu

102 2648 126 2697 lo
137 2665 191 2697 oenc
205 2665 236 2698 no
245 2657 377 2712 monqueut
395 2665 437 2712 poe
451 2649 480 2696 ‹le
497 2650 560 2698 tenir
571 2657 670 2698 ooorert
685 2665 712 2698 co
722 2665 767 2713 que
781 2651 806 2699 lo
817 2658 904 2700 nature
921 2653 1024 2700 momen

102 2747 183 2804 cnolle,
197 2753 222 2796 et
233 2762 260 2796 oc
271 2748 334 2796 u'eet
342 2747 432 2810 jamnis
450 2747 522 2810 qu’en
544 2755 620 2796 secret
637 2748 710 2810 qu'ilr
729 2748 842 2797 rotirsont
851 2750 867 2796 le
877 2748 907 2796 de
919 2749 1025 2797 contains

101 2843 197 2891 betoine
210 2842 334 2906 ducorpe.
356 2842 390 2891 ln
409 2857 439 2890 nc
461 2850 586 2891 nommont
599 2844 689 2906 jamnis
708 2859 752 2905 par
768 2845 833 2892 leurs
851 2859 921 2892 nonus
942 2843 968 2892 ui
989 2844 1023 2892 ler

101 2940 244 3007 portiooqui
264 2956 327 2989 noue
347 2948 389 2987 ont
410 2942 448 2988 ote
470 2939 575 2988 dounc'ee
597 2956 657 3003 pour
682 2955 720 2989 cer
740 2950 816 2989 cortes
837 2940 867 2989 de
879 2940 985 3005 bcsoiuo,
997 2941 1023 2988 ni

100 3040 195 3104 l’urcgo
205 3038 277 3103 qu’on
289 3054 319 3086 en
329 3038 381 3086 fuit.
393 3037 448 3094 Cor,
461 3036 579 3101 quoiqu'il
591 3037 632 3100 n'y
644 3038 678 3085 ult
690 3038 741 3085 rien
754 3037 783 3084 de
793 3038 900 3086 lroutcux
912 3037 972 3085 duno
984 3054 1022 3088 co·

101 3143 202 3198 nctlonr,
218 3151 311 3199 pout-uu
324 3135 423 3198 qu'clles
435 3149 460 3182 se
473 3134 563 3182 larsem
575 3149 604 3182 en
617 3144 700 3193 secret,
715 3151 745 3183 on
765 3136 820 3183 n'cn
838 3137 930 3184 ruuruit
943 3136 1023 3199 purior

101 3248 158 3281 eous
169 3232 252 3287 honlo,
265 3241 289 3281 et
310 3240 396 3280 autaut
413 3232 430 3279 ll
450 3246 467 3294 y
485 3232 565 3280 aurolt
584 3231 752 3295 d'impudence
762 3233 777 3279 le
789 3248 819 3280 ne
829 3233 863 3280 leo
873 3249 916 3297 pos
925 3233 1019 3294 cochet,

100 3336 187 3380 nutant
197 3331 241 3392 ily
257 3345 286 3378 on
297 3331 378 3377 turult
390 3331 405 3376 ὰ
415 3344 445 3377 cu
455 3329 534 3392 parler
543 3337 719 3377 ouvcrtement.
732 3329 754 3378 Il
767 3345 798 3378 ne
812 3330 865 3377 suut
879 3330 940 3378 donc
950 3332 1023 3379 toou-

99 3428 169 3477 terui
181 3428 215 3476 lou
226 3427 342 3490 oyulquoo
358 3425 383 3472 ni
400 3425 435 3473 loe
447 3425 561 3473 ctolcieus
575 3427 589 3473 ll
601 3425 662 3473 demi
675 3426 801 3490 cyuiquos,
815 3427 856 3489 qul
871 3441 896 3473 re
908 3432 1023 3487 rnoquent

100 3524 130 3573 do
141 3531 202 3573 cetto
213 3529 311 3572 retenire
323 3532 346 3570 ct
357 3529 471 3570 trouvent
487 3524 596 3570 mouvoir
607 3523 680 3585 qu'on
694 3539 755 3571 nous
768 3523 831 3571 soree
843 3538 890 3570 une
901 3524 983 3585 crp'ccc
993 3521 1022 3569 do

99 3623 174 3673 crime
185 3620 215 3669 de
228 3636 337 3669 nominer
349 3620 391 3670 dos
404 3619 488 3668 ohosce
498 3621 558 3683 qu’il
570 3621 632 3669 u'eot
643 3621 712 3685 point
720 3621 829 3670 honteux
842 3620 871 3667 de
883 3620 950 3677 loire,
965 3634 1022 3682 pen·

100 3717 159 3766 dont
170 3731 216 3782 que
226 3731 288 3765 noue
300 3731 428 3765 uorumone
437 3732 480 3781 pur
495 3717 559 3764 leurs
571 3732 640 3764 nome
652 3717 693 3765 des
707 3716 791 3765 choree
803 3732 849 3780 que
862 3718 911 3764 l'ou
923 3730 953 3763 ne
963 3732 1019 3764 euu-

99 3816 148 3864 roit
156 3822 297 3865 commcttro
308 3830 364 3863 rous
376 3814 486 3863 infamio.
498 3813 523 3863 Y
536 3815 608 3862 n·t-il
631 3816 692 3872 riou,
706 3812 838 3871 dieunt-ile,
853 3813 882 3862 de
893 3814 948 3877 plue
957 3813 1020 3861 hon-

100 3920 158 3962 tcux
169 3929 215 3978 que
226 3914 250 3963 lo
259 3913 308 3971 vol,
320 3913 346 3959 lu
358 3911 452 3963 froude.
464 3911 610 3960 l'odult'erel
623 3910 757 3981 cepcudout
766 3927 828 3961 nour
838 3912 939 3962 n'evour
950 3911 1019 3975 point
