2474 4694
411 892 464 937 ors
485 891 617 947 ostoun,
641 890 725 936 suus
747 890 779 936 n.
1000 878 1060 939 363

130 1006 151 1054 si
164 1022 213 1055 non
225 1006 424 1068 desiderantibus,

130 1080 239 1121 ettamen
254 1074 454 1137 epprobentibns,

132 1139 269 1188 leniendum
280 1148 318 1188 est

131 1205 205 1254 modo
218 1206 442 1269 profundioribus,

131 1280 160 1320 ut
169 1288 213 1320 nos
224 1272 271 1334 ipsi
283 1273 399 1332 lenimus3

131 1348 165 1395 et,
179 1339 199 1387 si
213 1339 311 1402 quondo

131 1406 216 1468 alique
229 1421 267 1453 res
278 1405 358 1469 major

131 1479 205 1534 etque
217 1473 300 1520 utilior

132 1539 269 1601 acquiritur

133 1605 264 1668 largitione
273 1605 396 1668 populari,

134 1679 162 1719 nt
174 1687 251 1734 nuper

134 1738 237 1801 prendi·
250 1740 276 1785 in
289 1738 384 1786 semitis

135 1803 234 1852 nomine
245 1803 352 1852 deonmae

134 1870 234 1918 luerunt
245 1885 335 1934 msgno
347 1869 436 1918 honori

134 1936 225 1986 Oresti.

134 2003 170 2051 Ne
182 2003 265 2051 dotum
277 2012 314 2051 est
324 2001 421 2066 quidem
434 2000 493 2049 vitio

135 2070 169 2117 M.
182 2068 245 2128 Seio,

135 2135 199 2198 qnod
209 2137 234 2184 in
246 2135 346 2184 oeritute
356 2150 460 2183 ennonn

136 2202 203 2250 dedit
215 2204 303 2267 populo

136 2268 244 2316 modium
257 2284 321 2327 esse3

137 2336 247 2384 liberavit
258 2338 322 2383 enirn
337 2350 362 2383 se

137 2401 231 2450 invidie
242 2417 334 2464 magne

138 2476 162 2516 et
172 2470 314 2525 inveteretur,

135 2535 233 2598 jecture
247 2550 291 2582 neo
302 2534 376 2595 turpi,

137 2601 236 2664 quando
247 2610 299 2650 eret
311 2600 398 2658 edilis,

138 2682 182 2716 neo
191 2668 308 2717 menime.

138 2734 184 2783 Sed
196 2749 275 2799 nuper

138 2800 186 2848 suit
201 2816 298 2849 summo
309 2799 395 2848 honori

139 2879 222 2915 nostro
241 2867 338 2922 Miloni,

139 2934 403 2998 quod,gledietoribus
410 2931 497 2996 emptis

139 3015 214 3048 censs
224 3000 374 3064 reipublice.

140 3081 194 3129 que
205 3067 375 3115 continebatur

140 3143 223 3180 nostre
235 3133 321 3191 salute,

140 3201 280 3262 compressit
295 3214 379 3248 ornnes
397 3208 498 3246 conetur

141 3268 284 3330 furoresque
298 3266 328 3315 P.
341 3265 429 3316 Clodii.

141 3332 495 3396 Ceusnigiturlergitionisest,

141 3401 161 3447 si
172 3408 208 3446 est
218 3410 261 3447 sut
272 3413 367 3447 neeesse

142 3474 185 3514 eut
198 3466 265 3514 utile.

175 3533 204 3581 In
217 3533 255 3581 his
267 3542 347 3581 enum
361 3532 418 3595 ipsis

143 3599 229 3662 regule
238 3599 411 3648 mediocritetis

143 3679 179 3714 est
188 3668 290 3728 optima.

144 3733 174 3782 L.
186 3732 314 3796 Philippus
326 3731 432 3797 quidem,

144 3800 209 3848 filins
224 3798 319 3860 Quinti,

144 3866 182 3914 vir
196 3881 286 3929 magno
298 3866 396 3929 lngenio

145 3934 273 3995 olerusque
287 3934 311 3979 in
324 3933 418 3995 primis,

146 4000 241 4047 solebat
252 3999 354 4062 gloriari

146 4066 296 4127 sordentum
309 4081 359 4112 eese

514 1008 536 1055 si
547 1023 595 1056 non
608 1012 628 1056 le
639 1007 756 1069 (lenirent,

515 1073 549 1123 dn
559 1075 637 1122 moins
649 1075 826 1139 l'eppronrent

515 1141 533 1188 il
548 1141 602 1189 sent
613 1145 633 1190 le
645 1142 714 1202 seire,

515 1222 611 1271 ponrvu
623 1222 669 1270 qus
680 1214 754 1257 cssoit
765 1210 832 1258 selon
844 1224 885 1256 soe
899 1223 1006 1272 moyere,

516 1289 609 1322 nomme
621 1279 787 1324 none-memes
798 1291 873 1325 ovone
887 1275 945 1327 leit:

516 1349 549 1397 st,
565 1341 585 1388 si
598 1340 747 1403 quelquesois

517 1405 620 1469 quelque
632 1406 705 1457 ohose
718 1409 773 1472 plus
788 1407 879 1470 grenio

517 1479 541 1520 et
554 1473 609 1536 plus
622 1473 682 1522 utile

517 1545 554 1586 est
568 1539 666 1601 eoqulse

517 1619 562 1668 per
573 1620 621 1653 une
632 1605 737 1669 lergesse
753 1606 888 1670 populsire,

517 1685 611 1719 oomme
620 1673 767 1720 recemment

518 1737 553 1785 les
566 1752 635 1800 repes
646 1738 707 1786 dens
718 1739 753 1786 les
765 1752 820 1786 rues

518 1818 574 1851 eous
584 1804 606 1851 le
618 1819 673 1852 nom
687 1805 716 1853 de
725 1803 790 1852 dirue

519 1877 562 1918 ont
574 1871 611 1918 ete
622 1871 638 1918 e
648 1871 729 1935 grend
740 1871 851 1919 honneur

519 1935 651 1987 sorenes.

518 2001 540 2051 Il
549 2018 578 2050 no
588 2004 625 2050 fut
635 2019 678 2067 pes
686 2007 763 2052 meme
771 2003 967 2067 donni(impute)
975 2004 989 2052 e
998 2001 1063 2051 soors

519 2071 534 2116 ο
549 2069 583 2117 Μ.
597 2070 674 2128 Seios,

520 2150 566 2196 qne
580 2135 641 2184 dens
652 2151 700 2184 uno
711 2135 792 2184 oberte
802 2135 832 2184 ee
843 2135 920 2183 rirree

521 2203 539 2250 il
554 2201 636 2250 donne
647 2217 679 2250 on
691 2204 777 2266 peuple

520 2268 543 2315 le
555 2269 664 2316 boisseeu
676 2283 737 2331 pour
747 2284 780 2316 un
792 2283 832 2324 ner

521 2348 550 2382 en
563 2334 620 2382 effet
628 2336 647 2382 il
659 2334 751 2382 delirrn
760 2334 884 2382 lui-merus

522 2399 595 2448 d'une
608 2399 681 2448 hnine
695 2400 786 2463 grende

522 2475 546 2514 et
559 2467 688 2524 irretirer,

522 2548 579 2581 ereo
589 2548 638 2581 une
649 2542 715 2595 perte
726 2531 847 2596 (depenso)
856 2531 882 2579 ni
894 2529 1019 2588 homenes,

522 2599 637 2663 puisqn’il
648 2599 708 2647 eterit
716 2597 787 2656 edile,

522 2664 548 2713 ni
560 2664 725 2730 tres-grande.

522 2731 586 2780 Meis
598 2731 774 2780 dernierement

523 2804 566 2847 oeni
577 2814 592 2846 n
603 2800 641 2846 etri
651 2800 666 2845 n
678 2796 819 2861 tres-grend
830 2797 942 2845 honneur

521 2868 536 2913 e
548 2873 617 2913 notre
628 2864 714 2923 Milon,

523 2947 578 2994 que,
592 2931 634 2979 dee
648 2929 925 2994 glsdieteurseyentete
936 2926 1030 2976 enhetee

523 3014 553 3047 en
565 2997 650 3047 suedo
661 2998 686 3044 le
697 2996 847 3061 republique.

523 3065 565 3128 qni
579 3064 707 3128 dependerit

524 3133 554 3181 ds
567 3138 636 3179 notre
647 3131 719 3188 selut,

524 3199 543 3247 il
557 3213 572 3245 s
583 3198 688 3262 reprime
699 3202 778 3246 tontes
788 3195 824 3244 les
835 3194 962 3243 tentetises

524 3272 548 3313 et
561 3266 597 3313 les
607 3265 702 3313 lureurs
715 3263 744 3311 de
754 3262 783 3311 P.
793 3261 904 3311 Clodiae.

524 3331 579 3382 Une
592 3346 664 3379 oense
675 3330 738 3377 dono
752 3328 781 3376 de
794 3329 912 3392 lsrgssses
925 3334 968 3383 eet,

525 3399 545 3445 si
556 3402 606 3446 celo
614 3406 650 3445 est
660 3397 792 3445 neoosssire

526 3480 557 3513 on
569 3465 637 3513 utile.

559 3530 622 3578 Meis
634 3530 694 3578 dens
705 3544 745 3577 oee
759 3527 842 3576 choses
854 3529 944 3575 memes

526 3598 551 3645 ls
561 3597 627 3660 tegle
638 3597 667 3645 de
681 3597 706 3644 le
721 3593 871 3644 moderatior

526 3670 562 3711 est
573 3664 597 3710 ln
606 3664 738 3711 meillenre.

527 3729 556 3779 L.
571 3729 697 3793 Philippus
710 3728 760 3777 ele
772 3727 854 3785 serite,

528 3796 567 3844 fils
579 3794 608 3843 de
619 3795 736 3856 Quintus,

528 3862 626 3909 homme
636 3862 694 3911 d'nn
707 3859 785 3924 grend
795 3859 865 3925 genie

529 3935 554 3977 et
564 3928 657 3976 celebre
669 3937 737 3976 entre
748 3928 783 3976 los
797 3925 921 3990 premiere,

530 3995 726 4045 ertit-oontnme
736 3993 765 4040 de
776 4007 801 4040 se
816 3991 923 4055 glorifier

531 4061 658 4111 lui-meme
669 4061 736 4109 nsoir
747 4059 836 4108 obtenu
