2474 4694
243 846 298 901 150
539 853 576 897 ott
596 850 712 898 otrtctts
735 852 818 898 utute
842 851 861 896 l.

241 979 347 1019 vantem
367 964 429 1020 lieet
448 962 607 1036 magnilica,
621 964 737 1035 grauiter
755 963 930 1036 animoseque
952 964 1060 1035 vivere,
1084 973 1168 1040 atque

239 1077 322 1136 etiam
335 1076 502 1149 simpliciter,
516 1075 631 1132 fideliter
644 1077 760 1148 vitaeque
772 1075 911 1132 hominum
925 1077 1022 1132 amieo.

274 1188 385 1246 xxvu.
401 1189 528 1260 Sequitur
539 1195 569 1243 ut
583 1187 617 1244 de
627 1203 681 1243 una
695 1188 798 1260 reliqua
808 1196 885 1262 parte
899 1188 1051 1249 honestatis
1065 1188 1166 1246 dieen-

240 1299 304 1355 dum
318 1300 367 1369 sit;
383 1298 410 1354 in
430 1314 484 1370 qua
499 1297 672 1365 verecundia,
687 1306 715 1353 et
731 1298 809 1370 quasi
827 1298 937 1371 quidam
953 1309 1068 1355 ornatus
1084 1301 1162 1367 vitae,

237 1411 413 1484 temperantia
434 1418 462 1466 at
481 1409 620 1478 modestia,
637 1410 780 1483 omnisque
803 1411 907 1467 sedatio
926 1413 1163 1484 perturbationum

236 1521 321 1576 animi
335 1529 363 1578 et
376 1537 465 1578 rerum
485 1521 582 1578 modus
594 1523 723 1577 cernitur.
739 1522 795 1577 Hoc
808 1523 865 1578 loeo
882 1523 1036 1579 continetur
1048 1523 1075 1578 id
1090 1525 1164 1594 quod

239 1627 292 1683 diei
306 1629 399 1686 Latine
411 1631 538 1686 decorum
551 1636 654 1701 potest3
669 1631 765 1687 Graece
777 1629 849 1687 enirn
863 1631 1064 1703 rptroodieitur.
1077 1633 1166 1703 liujus

239 1739 281 1795 via
293 1757 324 1797 ea
339 1747 382 1798 est
400 1747 430 1796 ut
451 1742 485 1798 ab
502 1741 616 1798 honesto
633 1758 688 1797 non
712 1750 796 1813 queat
816 1743 946 1818 separari.
963 1743 1031 1797 Nam
1047 1750 1075 1798 et
1089 1744 1164 1814 quod

238 1848 317 1905 decet
334 1848 477 1904 honestum
502 1857 560 1919 est,
585 1858 612 1905 et
636 1851 708 1923 quod
734 1852 875 1908 honestum
900 1859 943 1907 est
964 1853 1050 1907 decet.
1069 1852 1165 1921 Qualis

239 1968 329 2017 autem
345 1961 497 2018 differentia
511 1962 547 2017 sit
559 1962 667 2018 honesti
681 1970 708 2019 ot
720 1963 820 2032 decori,
835 1965 939 2020 facilius
953 1964 1066 2035 intelligi
1079 1980 1164 2037 qnam

238 2072 377 2154 explanari
398 2079 495 2145 potest.
520 2073 657 2145 Quidquid
681 2075 753 2130 onim
781 2082 822 2129 est
848 2076 920 2146 quod
936 2075 1040 2141 deceat,
1058 2074 1087 2129 id
1106 2081 1163 2129 turn

239 2190 359 2257 apparet,
378 2199 462 2255 quum
483 2189 640 2256 antegressa
662 2192 705 2241 eet
723 2184 860 2251 herenas.
882 2187 975 2258 itaque
995 2201 1048 2241 non
1074 2187 1163 2242 solum

239 2296 271 2355 io
284 2292 336 2357 lm
356 2301 432 2367 parto
452 2295 617 2366 honestato,
632 2296 667 2355 de
684 2312 739 2372 qua
757 2296 809 2357 hoo
829 2295 889 2353 loeo
910 2296 1096 2354 disserendum
1110 2306 1161 2365 est,

239 2403 289 2469 eetl
308 2405 390 2463 etiam
416 2406 445 2461 in
467 2407 552 2464 tribus
577 2408 777 2480 superioribus,
809 2408 874 2483 quid
898 2408 1010 2478 deceat,
1038 2417 1160 2481 apparet.

238 2640 309 2700 tolet,
320 2639 421 2705 dignito.
436 2639 617 2706 magnifieenee,
637 2648 661 2691 et
678 2656 708 2689 en
727 2643 804 2689 meme
817 2646 892 2704 tempe
910 2640 1065 2704 linostropho,
1079 2640 1157 2705 loyol,

239 2747 298 2795 utile
307 2748 322 2795 δ
332 2762 369 2795 aee
382 2747 534 2796 semblables.

270 2855 374 2906 XXVII·
388 2856 481 2906 linono
492 2858 578 2904 roetoir
593 2856 673 2920 parler
688 2856 718 2904 de
727 2856 752 2904 le
765 2855 874 2905 dernitre
885 2871 969 2906 rouroe
982 2855 1012 2904 de
1022 2855 1159 2915 l'honnttq

238 2963 279 3027 qui
291 2962 420 3026 comprensi
434 2963 458 3010 la
469 2962 593 3021 modestia,
606 2963 631 3011 la
643 2964 802 3026 temporanee,
815 2963 841 3011 la
849 2970 958 3023 retortae,
974 2979 1013 3011 eet
1024 2972 1163 3013 ornaments

239 3069 268 3117 do
281 3071 307 3119 la
321 3069 368 3129 rie,
379 3068 546 3133 l'npaiaernent
556 3068 586 3116 do
596 3075 675 3118 tenter
690 3069 725 3117 lae
738 3069 848 3133 passione
860 3069 889 3118 ‹ie
900 3071 973 3123 l’tme
990 3078 1014 3118 at
1031 3070 1056 3117 la
1065 3085 1163 3120 mesura

239 3191 268 3226 ou
280 3182 358 3225 tontes
374 3174 466 3224 eborea.
479 3174 514 3224 Iei
525 3190 550 3224 re
565 3176 632 3240 place
644 3176 668 3223 la
679 3176 831 3237 bieneieuoq
847 3191 894 3239 que
905 3177 941 3225 ior
953 3176 1029 3227 Greor
1040 3178 1163 3241 appellent

130 3320 138 3334 .
239 3290 266 3335 τὸ
280 3289 376 3352 πρέπον.
388 3281 420 3332 Se
433 3288 565 3331 natureest
579 3283 642 3338 telle,
658 3284 730 3344 qu'on
744 3298 774 3330 no
787 3286 880 3332 eanreit
890 3283 915 3332 la
928 3287 1024 3348 separer
1039 3283 1067 3332 de
1078 3284 1162 3334 l’hon-

239 3390 302 3445 atto,
317 3401 359 3436 ear
369 3402 396 3435 ce
407 3387 449 3450 qui
461 3396 497 3436 eet
509 3388 633 3436 bieneeant
648 3394 684 3434 est
698 3386 811 3445 honueta,
827 3397 851 3437 et
869 3404 896 3436 eo
908 3390 949 3452 qui
962 3397 997 3437 eet
1009 3388 1114 3437 honneto
1126 3397 1162 3439 est

239 3490 372 3539 hiemabant.
383 3489 426 3538 S’il
439 3505 456 3553 y
467 3491 593 3552 aquelque
606 3489 733 3540 differenee
747 3491 775 3539 de
785 3493 837 3543 l'un
848 3494 970 3551 tl’antro,
984 3493 1043 3542 e'eat
1053 3509 1099 3542 une
1111 3495 1160 3543 dii-

241 3597 333 3647 iirenee
343 3597 404 3661 qu'll
417 3604 453 3646 est
465 3598 519 3660 plue
533 3598 584 3646 eine
595 3597 624 3647 (la
633 3599 761 3649 aoneevoir
776 3614 823 3663 que
844 3599 1002 3664 d'expliquer.
1019 3600 1057 3650 On
1070 3616 1100 3648 ne
1112 3603 1161 3651 voit

238 3703 327 3770 jamela
343 3704 426 3751 mienx
437 3717 463 3750 ee
476 3718 521 3766 qne
533 3706 634 3767 proserit
648 3704 673 3753 la
684 3705 826 3754 biennianea
843 3720 889 3767 que
907 3706 1004 3770 lorsque
1014 3706 1161 3756 l'lronnttete

240 3808 338 3859 marolio
350 3808 376 3857 le
386 3809 508 3872 premiere.
524 3808 586 3857 Maio
596 3824 623 3858 ee
634 3810 695 3860 n'est
707 3827 751 3875 pne
762 3812 894 3859 seulement
907 3811 967 3860 dune
979 3819 1040 3861 cette
1051 3812 1160 3862 detulere

240 3918 346 3969 brenehe
357 3918 386 3968 de
394 3917 517 3968 l'honntte
528 3934 574 3983 que
583 3921 609 3969 la
619 3920 849 3969 himseaneetrouve
860 3936 887 3969 aa
897 3921 973 3985 piace,
986 3921 1032 3968 elle
1044 3921 1068 3968 la
1076 3928 1160 3969 trouve

241 4026 304 4074 aurai
316 4024 375 4075 dane
383 4025 420 4075 lea
432 4026 492 4076 troie
502 4033 592 4076 autres.
605 4025 652 4075 Per
664 4025 781 4090 exempla,
797 4025 815 4073 il
830 4025 880 4076 eled
892 4027 948 4077 bien
961 4027 989 4077 de
1000 4028 1123 4077 eonanlter
1135 4029 1160 4077 la
