2474 4694
228 814 286 885 ‚tes
525 830 562 877 nr
584 829 702 877 urricus
722 831 805 879 crem
826 832 848 878 ι.

227 951 297 1008 Nem
323 957 351 1007 et
375 950 478 1006 ratione
501 949 539 1003 uti
570 955 654 1020 atque
677 948 799 1004 oratione
826 947 990 1020 prudenter,
1017 959 1044 1006 et
1073 967 1155 1024 egere

227 1053 301 1127 quod
327 1069 390 1125 ngas
413 1052 597 1119 considerate,
620 1051 748 1123 omnique
771 1051 799 1106 io
829 1067 860 1107 re
878 1052 943 1124 quid
968 1054 1004 1108 sit
1027 1055 1082 1108 veri
1116 1057 1154 1111 vi-

227 1156 292 1211 dere
306 1163 333 1211 et
348 1155 416 1210 tueri
428 1155 518 1222 decet;
540 1160 688 1225 contraque
704 1154 768 1220 salli,
784 1168 885 1221 errare,
905 1154 969 1220 tani,
983 1156 1080 1228 decipi,
1096 1166 1152 1215 tom

227 1256 341 1314 dedecet
352 1273 432 1330 quem
448 1255 563 1311 delirare
577 1261 605 1310 et
620 1261 711 1310 mente
723 1269 781 1310 esse
793 1261 911 1326 ceptum.
930 1255 962 1310 Et
971 1257 1046 1327 juste
1061 1260 1152 1315 omnia

226 1359 324 1417 decore
342 1367 423 1425 eunt;
440 1359 537 1428 injuste
552 1364 656 1422 contre,
677 1364 707 1411 ut
722 1356 822 1428 turpia,
841 1357 881 1411 eic
894 1357 1032 1413 indecora.
1048 1359 1152 1415 Similis

227 1467 270 1515 est
283 1461 352 1516 retio
367 1459 545 1515 fortitudinis.
562 1458 639 1527 Quod
661 1459 735 1514 enim
757 1456 872 1514 viriliter
893 1459 1037 1531 animoque
1051 1476 1152 1532 magno

227 1560 266 1631 iit,
281 1562 308 1616 id
320 1560 430 1633 dignum
444 1561 502 1616 viro
520 1569 548 1615 et
568 1560 698 1615 decorum
713 1560 839 1629 videtur;
859 1561 931 1632 quod
950 1568 1060 1630 contre,
1076 1562 1102 1617 id
1120 1574 1151 1620 ut

228 1670 317 1736 turpe,
328 1665 366 1719 sic
377 1663 545 1719 indecorum.

262 1770 353 1838 Quare
373 1769 490 1840 pertinet
509 1768 621 1838 quidem
642 1766 676 1822 ed
692 1781 799 1823 omnem
816 1767 987 1824 honestatem
1012 1768 1063 1826 hoc
1079 1773 1151 1842 quod

226 1869 287 1925 dico
300 1871 426 1925 decorum
439 1885 445 1936 ;
461 1876 490 1924 et
503 1868 541 1922 ita
552 1868 685 1939 pertinet,
705 1874 734 1921 ut
748 1883 802 1923 noo
821 1870 959 1925 recondite
973 1871 1089 1942 quedam
1103 1889 1151 1928 ra-

227 1971 300 2027 tione
314 1978 448 2036 comatur,
462 1969 510 2025 sed
521 1971 557 2026 sit
568 1970 595 2024 in
610 1977 746 2042 promptu.
762 1972 810 2026 Est
829 1972 901 2027 enim
917 1973 1057 2044 quiddam,
1069 1974 1153 2045 idque

226 2072 385 2144 intelligitur
398 2073 423 2127 in
445 2072 517 2128 omni
539 2072 656 2139 uirtute,
672 2071 744 2143 quod
768 2072 880 2139 deceat,
897 2073 969 2145 quod
989 2074 1152 2145 cogitatione

227 2175 338 2248 magica
353 2174 451 2229 virtute
462 2181 554 2247 potest
569 2189 652 2245 quem
665 2190 695 2229 re
707 2174 839 2245 separari.
857 2174 891 2229 Ut
906 2182 1037 2229 venustus
1046 2177 1074 2231 e't
1087 2175 1150 2248 pul-

226 2276 349 2333 chritudo
363 2277 484 2350 corporis
498 2275 601 2332 secerni
618 2290 670 2331 non
687 2282 803 2348 potesta
817 2273 984 2343 valetudine,
998 2275 1037 2331 sic
1050 2275 1102 2332 hoc
1115 2275 1150 2333 de

227 2511 317 2573 raison,
330 2509 358 2558 de
373 2510 452 2574 parler
464 2517 589 2574 engenent,
607 2508 635 2558 de
648 2510 703 2559 bien
715 2508 852 2560 consideret
864 2525 890 2557 ce
902 2511 975 2573 qu'on
988 2511 1041 2574 seit,
1056 2512 1085 2560 de
1098 2515 1151 2563 voit

227 2619 257 2652 en
271 2603 364 2666 cheque
375 2600 447 2651 chose
466 2617 492 2651 oe
504 2603 565 2665 qu'il
584 2617 627 2665 ys
641 2601 669 2650 de
681 2602 733 2650 urei
747 2608 771 2650 et
786 2601 816 2650 de
832 2602 855 2649 le
867 2600 995 2661 deiendre3
1012 2619 1106 2654 comme
1119 2622 1152 2656 eu

227 2696 348 2747 oontreire
359 2695 378 2743 il
389 2696 440 2743 nied
449 2695 497 2743 mel
513 2695 588 2743 d'etre
600 2694 659 2743 dens
672 2695 783 2751 l’erreur,
797 2692 826 2742 de
838 2710 863 2742 se
877 2701 992 2760 tromper,
1009 2697 1037 2744 de
1049 2698 1152 2761 prendre

227 2791 250 2840 le
262 2790 391 2853 ieuxpour
404 2789 427 2837 le
439 2788 500 2846 urei,
517 2788 647 2836 eussibien
662 2802 709 2850 que
728 2787 915 2850 d'extrevoguer
931 2797 954 2837 et
965 2789 1106 2840 d'dtrehors
1122 2792 1152 2842 de

228 2898 272 2932 son
284 2884 332 2933 boo
342 2899 405 2932 eene.
414 2884 479 2932 Tout
491 2898 517 2931 ce
530 2883 571 2944 qui
585 2889 621 2930 est
631 2882 697 2944 juste
708 2890 745 2930 est
757 2882 881 2931 conforme
890 2885 905 2930 d
913 2883 938 2931 le
949 2883 1105 2940 bieneeunce3
1120 2899 1152 2931 en

228 2977 357 3035 contraire,
377 2982 430 3025 tout
441 2991 467 3024 ce
478 2975 519 3038 qui
531 2982 567 3022 est
579 2974 669 3036 injuste
680 2975 757 3023 blesus
771 2975 796 3022 le
805 2976 946 3023 bienseence
966 2982 1051 3023 nutent
1062 2976 1153 3038 quoles

228 3069 320 3118 bonnet
330 3083 430 3117 moeure.
446 3068 468 3117 Il
481 3083 511 3115 en
523 3075 559 3115 est
570 3066 599 3113 de
610 3069 687 3113 moine
705 3066 733 3113 de
749 3081 775 3113 ce
786 3069 828 3128 qui
845 3066 946 3131 regende
957 3067 982 3114 lo
992 3067 1072 3114 force:
1087 3076 1154 3115 tonte

228 3160 308 3210 action
318 3174 474 3224 couregeusc,
489 3166 555 3208 toute
566 3159 647 3205 action
661 3158 731 3205 virile
742 3165 778 3206 cst
790 3158 863 3222 digne
884 3159 941 3205 d'un
960 3158 1039 3222 grand
1050 3172 1117 3206 coetu
1130 3168 1155 3205 et

229 3251 352 3302 conforme
368 3253 417 3300 isle
431 3251 588 3307 biense'soc03
604 3257 670 3298 toute
682 3250 761 3299 uctioo
774 3251 895 3300 contraire
907 3260 942 3298 est
958 3252 973 3297 t
989 3250 1012 3297 lu
1028 3248 1074 3297 sois
1089 3250 1153 3296 mel·

230 3348 311 3394 sdenm
321 3352 345 3393 et
353 3343 478 3393 honteuec.

263 3436 297 3485 Ce
307 3450 353 3498 que
363 3434 478 3499 j'eppelle
488 3432 631 3481 biensennze
643 3431 749 3481 estdouc
761 3433 884 3481 tellement
896 3433 924 3482 dc
936 3434 1050 3481 l'essence
1060 3431 1089 3479 de
1101 3439 1155 3481 tout

231 3545 258 3579 oe
269 3532 310 3594 qui
322 3538 358 3579 est
369 3529 480 3588 honnete,
498 3529 572 3591 qu'on
588 3529 621 3591 l'y
634 3529 740 3592 eperpoit
753 3527 785 3576 du
802 3529 904 3591 premier
923 3543 985 3591 coup
1002 3525 1077 3586 d'teil,
1096 3541 1153 3573 sene

232 3626 300 3675 troii·
311 3622 394 3672 besoin
407 3623 436 3671 de
447 3623 482 3686 l’y
494 3620 618 3671 chercher.
633 3620 672 3671 On
689 3627 744 3669 nent
754 3635 801 3684 que
814 3627 880 3668 toute
895 3629 963 3668 vertu
979 3627 1014 3667 est
1025 3634 1153 3683 accompa-

232 3717 293 3780 gnee
307 3714 379 3762 d’une
395 3712 501 3762 certeine
516 3714 666 3770 bienedence,
690 3719 714 3760 et
733 3713 753 3760 ei
773 3711 822 3759 l'on
845 3718 902 3774 peut
921 3714 1017 3775 separer
1037 3710 1104 3758 l’uoe
1124 3711 1155 3759 de

233 3811 334 3866 l'eutre,
355 3808 415 3858 c'est
432 3808 512 3872 ploret
531 3823 576 3871 per
600 3808 624 3855 ls
647 3808 732 3871 penses
753 3821 799 3868 que
820 3805 881 3852 dnos
898 3805 922 3852 lu
945 3805 1028 3853 rentitt
1050 3823 1056 3851 :
1075 3820 1116 3853 cer
1135 3805 1154 3853 il

233 3903 295 3951 n’ent
307 3918 356 3951 non
368 3901 422 3966 plue
433 3900 537 3965 possible
548 3900 577 3947 de
588 3899 624 3948 les
635 3902 730 3964 sdperer
744 3913 790 3962 que
806 3897 835 3946 de
846 3900 940 3962 separer
952 3898 977 3945 le
988 3896 1075 3945 beoutd
1087 3897 1115 3944 de
1128 3898 1153 3945 le

233 3998 310 4046 eunte.
319 3995 382 4045 licis
390 3993 496 4058 quoique
508 3993 533 4042 ln
542 3998 610 4042 verto
619 3998 643 4044 et
654 3994 679 4043 le
690 3992 833 4041 bieneeonce
842 3991 919 4041 soient
926 3990 1091 4054 inreperebles
1100 3990 1154 4053 jue·
