2364 4634
380 808 434 853 oss
454 808 586 865 nescim,
609 809 694 853 sss'uu
718 810 737 852 s.
966 798 1026 853 229

74 943 109 976 ne
120 925 191 991 quid
483 943 529 989 quc
540 929 644 990 quelque
657 928 728 975 chose

74 992 293 1057 discreptione,
484 1011 513 1042 ue
529 996 724 1042 soit-‹lisc‹'=riiuut
736 1009 778 1055 pur
793 992 890 1055 hasard,

74 1062 117 1109 vel
130 1060 218 1109 multo
228 1063 309 1125 magis
318 1062 391 1110 etlam
484 1077 515 1107 nn
528 1065 569 1123 (ct)
581 1063 705 1123 bertricoup
717 1062 770 1123 plus
783 1076 868 1107 encore

74 1142 130 1190 qno
139 1136 280 1177 concentus
291 1131 395 1178 seticum
483 1144 553 1189 purce
565 1144 611 1189 quo
625 1129 728 1174 l¹uccunl
740 1126 884 1174 desectione

74 1206 116 1243 est
127 1194 217 1257 major
230 1206 256 1243 et
264 1196 349 1244 melior
483 1206 517 1240 est
530 1195 583 1254 plus
594 1193 673 1249 grune]
682 1203 705 1240 ot
716 1194 826 1241 meilleur

74 1276 160 1325 quam
178 1274 307 1310 wnorum.
484 1277 529 1320 qus·
541 1265 598 1306 cetos·
610 1260 651 1305 des
662 1276 727 1306 sons.

111 1326 187 1376 XLI.
201 1324 295 1390 hique,
516 1326 580 1374 ΧΗ.
599 1326 800 1387 cest-poemen,

75 1404 106 1443 ut
117 1408 198 1441 aures
209 1395 357 1441 musicorum
483 1407 576 1439 comme
587 1392 622 1439 les
633 1394 727 1440 oreillce
743 1393 785 1439 ‹les
799 1392 928 1440 minicieus

75 1461 199 1509 sentiunt
209 1460 247 1509 rel
255 1461 358 1509 minime
483 1467 577 1506 sentent
591 1461 668 1506 meme
680 1460 713 1506 les
727 1460 782 1521 plus
794 1461 878 1520 petites
888 1460 972 1508 choses

74 1530 104 1576 in
119 1525 228 1584 fidibus,
483 1541 526 1572 sur
539 1526 573 1573 les
585 1525 877 1584 iustrumenteecordes,

75 1596 116 1643 eie
129 1609 190 1651 nos,
484 1594 546 1638 musi
555 1610 625 1643 stoue.

75 1662 100 1709 si
119 1661 240 1707 volumus
256 1674 308 1708 esse
484 1660 503 1706 si
516 1675 576 1706 nous
587 1660 688 1708 voulons
697 1663 747 1707 fetro

76 1725 297 1775 animadversores
309 1727 421 1777 vitiorum
485 1725 526 1772 dee
538 1742 705 1787 remurqueurs
717 1727 745 1773 ‹le
757 1727 820 1774 vices

76 1808 155 1841 neres
166 1806 199 1839 sc
209 1790 344 1855 diligentes,
484 1793 620 1854 penetranti
631 1805 654 1841 et
666 1794 793 1855 soigneux,
935 1790 1028 1855 [choses

76 1874 151 1923 eaepe
165 1858 331 1923 intelligemus
342 1875 432 1924 mogun
485 1867 587 1906 souveut
599 1876 659 1906 nous
672 1858 861 1922 comprendrone
881 1856 911 1905 de
923 1858 1028 1923 grandes

77 1942 114 1974 cx
128 1926 222 1988 parvis.
485 1925 579 1987 d’upree
592 1927 620 1973 ‹le
632 1929 725 1988 polites.

79 1993 125 2042 Ex
135 1992 226 2040 obtutu
239 1993 375 2052 oculorum,
486 1990 587 2053 D’upres
599 1993 620 2039 le
631 1993 718 2054 rugnrd
734 1992 774 2039 ‹lcs
787 2007 860 2054 yeux,

78 2075 116 2107 ex
130 2067 177 2106 sut
188 2060 329 2107 remissione
487 2057 579 2119 sl'upries
591 2075 622 2105 ou
635 2060 657 2105 lu
669 2060 831 2107 reliehement

80 2135 133 2173 tut
148 2128 315 2175 contractione
485 2138 517 2171 ou
528 2125 552 2171 lu
562 2126 712 2172 contructicu

82 2192 287 2254 superciliorum.
487 2189 528 2237 des
541 2193 652 2247 sourcilo,

82 2274 120 2306 ex
132 2258 259 2320 mmeritis,
269 2274 299 2307 ex
310 2258 440 2317 hilaritate,
486 2257 579 2318 d'upres
591 2260 616 2305 le
627 2260 741 2321 tristem,
756 2257 847 2321 d'spres
859 2259 882 2304 lu
892 2256 978 2320 quiete,

82 2340 121 2373 ex
132 2325 193 2383 risu,
487 2323 581 2385 d’npr'es
592 2326 614 2372 le
624 2326 680 2385 rire,

83 2406 121 2439 ex
132 2391 264 2451 locutione,
280 2407 310 2440 ex
322 2394 455 2451 reticentia,
488 2390 581 2451 d'epr'ee
596 2392 620 2438 lu
633 2391 723 2453 porolc,
738 2391 832 2454 d'npres
844 2392 867 2438 le
878 2391 978 2449 silence,

87 2472 123 2505 ex
132 2460 286 2506 contentione
298 2462 371 2517 vocis,
487 2457 581 2519 ‹i’npres
590 2459 614 2504 lu
625 2460 718 2505 teusiou
731 2458 760 2505 dc
771 2460 795 2505 lu
807 2460 872 2516 voix,

85 2539 121 2572 ex
136 2524 306 2577 submissione.
488 2525 578 2585 d'uprs'u
590 2541 629 2570 rou
642 2525 808 2579 eliciseenient,
958 2523 1027 2588 [bles.

87 2606 121 2639 ex
133 2591 219 2639 eeteris
229 2592 359 2651 similibus,
487 2591 579 2652 ‹l'upres
598 2594 813 2637 tontes-les-uutres
826 2589 909 2638 choses
927 2590 1032 2639 semhls-

85 2656 257 2721 judicabimus
268 2659 338 2707 tacite
488 2672 548 2704 uuus
559 2659 676 2720 jugerous
688 2657 826 2705 tecitemens

89 2723 154 2784 quid
164 2738 248 2772 curum
488 2726 591 2784 laquelle
601 2724 629 2770 (lo
638 2740 676 2770 ces
688 2723 772 2772 choses

89 2788 136 2838 fist
147 2798 211 2852 note,
488 2807 512 2837 se
522 2791 566 2837 fait
577 2791 799 2847 couvenubleruent‚

90 2854 152 2917 quid
162 2855 280 2920 discrepet
488 2857 591 2920 luquclle
601 2856 824 2905 cst-en-deisuccorsl

91 2925 123 2970 cb
136 2922 216 2972 efficio
227 2933 370 2988 notumque.
488 2940 546 2971 avec
558 2926 581 2970 lo
594 2924 676 2970 devoir
688 2935 711 2972 et
722 2924 745 2969 lu
757 2936 851 2971 nature.

91 2989 121 3038 Iu
131 3005 179 3052 quo
192 3006 279 3052 genere
488 2991 555 3038 Dens
568 2991 645 3052 lequel
660 3006 734 3048 genre

92 3071 142 3104 nou
152 3064 189 3104 est
199 3058 377 3106 incommodum
489 3059 506 3104 il
520 3058 582 3104 n'est
597 3072 639 3118 pus
655 3057 752 3117 depluce

91 3122 203 3186 judicare
213 3140 243 3172 ex
253 3126 309 3173 eliis
488 3124 516 3170 de
526 3126 600 3186 juger
615 3124 708 3186 d'npree
721 3122 827 3169 d'uutrcs

93 3190 166 3252 quale
177 3191 209 3237 sit
217 3191 328 3255 quodque
339 3206 431 3245 corum,
488 3193 566 3251 quello
577 3197 614 3236 eet
625 3190 734 3236 clmeuue
746 3189 775 3236 dc
787 3204 825 3235 ces
837 3189 930 3247 choses,

94 3264 132 3315 ut,
143 3257 232 3318 siquid
488 3258 536 3303 alin
549 3272 603 3318 quc.
621 3257 640 3302 sl
652 3258 754 3317 quelque
767 3255 838 3303 chose

93 3321 205 3370 dedecent
217 3324 243 3371 in
254 3324 312 3381 illis,
488 3332 524 3370 cst
537 3324 657 3369 messiane
668 3338 696 3369 cu
710 3337 766 3377 eux,

95 3389 199 3436 vitemus
211 3398 234 3437 et
245 3391 300 3453 ipsi.
489 3405 550 3436 notis
560 3390 680 3435 l’evitiuns
691 3390 755 3436 aussi
770 3392 942 3437 nous-memes.

94 3454 135 3503 Fit
145 3457 219 3514 eitius,
488 3455 509 3504 Il
518 3473 542 3503 sc
552 3456 596 3503 luit
607 3472 635 3503 eu
646 3455 709 3510 effct,

95 3522 233 3585 nescioquo
245 3522 327 3578 modo,
487 3523 511 3584 jc
526 3524 613 3570 rie-sais
626 3522 654 3570 ile
669 3523 874 3584 quellenmuiierc,

94 3595 124 3635 ut
134 3603 260 3638 cernemus
273 3591 299 3636 iu
314 3589 368 3637 eliis
488 3605 534 3650 qius
545 3606 605 3637 noue
614 3604 707 3652 voyuus
719 3588 779 3636 deus
788 3588 893 3636 «l'uutrcs

95 3655 176 3718 magis
488 3656 544 3717 plus

95 3737 168 3783 quum
180 3723 205 3770 in
219 3724 338 3771 nobismet
349 3725 408 3787 ipsis
489 3737 535 3782 quc
546 3722 605 3770 duns
618 3727 779 3770 nous-inemes

96 3787 118 3835 si
128 3786 188 3850 quid
200 3789 357 3852 delinquitur.
490 3789 510 3833 si
520 3790 623 3850 quelque
633 3789 704 3838 chose
718 3797 754 3836 eet
766 3785 967 3836 suit-oucoluute.

96 3853 181 3917 Itaque
490 3855 688 3917 Uest-pourquoi

97 3923 254 3984 corriguntur
263 3921 377 3972 facillime
489 3924 581 3967 cece-lo
593 3930 648 3968 sont
659 3922 765 3985 corriges
775 3921 797 3968 le
807 3920 860 3983 plus
872 3918 1010 3967 lucilemeut

98 3993 123 4035 iu
134 3987 257 4050 discendo,
490 4000 520 4028 en
531 3997 673 4050 epprsuuur,
