2364 4634
412 463 464 507 DES
484 461 617 518 ostonis!
642 459 725 505 ttttttt
748 461 766 502 Ι,
1014 453 1051 509 25

153 575 245 623 elicium
256 578 350 626 inedium
363 595 415 627 esse
427 579 462 630 id.
508 579 532 626 le
544 578 627 626 devoir
638 593 724 638 moyen
736 580 785 623 etse
795 584 855 623 cette
868 575 949 631 chose,

149 644 204 703 qued
218 660 254 690 cur
266 645 349 692 sectum
366 646 400 693 sit

78 738 83 757 t
146 713 201 756 rusie
214 711 332 772 probabilis

143 779 211 838 poisll
223 778 288 824 reddi.

171 844 306 891 Deliberstin
315 844 392 906 igitur

136 910 239 970 cupiendi
249 911 337 957 eonsilii

135 987 169 1022 en
180 977 273 1038 triplex,

134 1054 159 1088 tt
169 1043 260 1089 tidetnr
270 1042 386 1091 Pnnaetio.

131 1107 193 1155 Ntm
206 1108 310 1157 dubitent
324 1110 380 1157 idue

130 1176 194 1236 quod
206 1176 268 1222 cedit

127 1243 152 1288 in
163 1241 354 1288 deliberationem

127 1308 158 1354 sit
168 1308 294 1355 honestum
306 1308 373 1355 lectu

124 1390 156 1421 an
169 1384 239 1436 turpe
251 1392 257 1429 ς

126 1441 150 1487 in
165 1455 215 1502 qno
225 1438 400 1487 considerando

123 1522 190 1570 sape
196 1507 270 1554 enimi
281 1505 451 1554 distrthnntut

123 1573 149 1621 in
162 1575 294 1621 sententies
305 1572 448 1620 contraries.

122 1640 189 1688 Tum
203 1649 283 1687 autem

122 1720 167 1753 ant
177 1707 312 1769 anquirunt

122 1784 167 1821 aut
177 1773 317 1819 consultant

122 1840 149 1886 id
162 1838 192 1885 de
209 1854 258 1901 qun
269 1839 405 1888 deliberent

121 1904 248 1953 continent
258 1919 334 1952 necne

121 1972 154 2018 ad
167 1972 362 2019 commoditatem

120 2038 354 2101 jucunditatemque
365 2040 432 2093 vite,

122 2105 157 2151 ad
174 2104 301 2152 facultates
312 2119 392 2152 terum

123 2180 199 2232 atque
210 2173 300 2232 copias.

122 2238 157 2285 sd
170 2252 236 2298 opes,
247 2238 278 2283 ad
292 2236 433 2298 potentiam,

122 2303 215 2366 quibus
227 2304 319 2365 possint
327 2303 414 2366 juvate

122 2379 149 2417 et
163 2384 189 2416 se
198 2378 224 2416 et
235 2385 307 2424 suos;

122 2451 179 2497 qna
190 2435 333 2483 deliberatio
346 2434 426 2482 omnis

122 2502 190 2550 adit
200 2503 227 2549 in
238 2504 358 2551 rstionent

122 2569 250 2616 utilitatis.

122 2636 236 2685 Tertium
248 2651 327 2699 genus

122 2701 254 2749 dnbitsndi

122 2778 161 2816 est
172 2784 249 2831 quum
263 2766 288 2815 id

122 2836 190 2898 qnod
202 2835 299 2883 videtur
313 2848 364 2882 esse
377 2833 437 2881 utils

124 2903 223 2949 videtur
234 2916 344 2964 pugnare

123 2984 180 3015 enm
194 2967 330 3016 honestate.

123 3035 210 3094 Quum
227 3035 293 3081 enim
306 3034 400 3082 utilitns

124 3101 224 3149 videtui·
235 3116 320 3164 rapere
331 3099 363 3148 nd
371 3114 407 3153 se.

124 3166 240 3216 honestas
251 3176 337 3216 suntne

124 3248 241 3283 teroem
252 3233 284 3281 ad
296 3249 331 3293 se,

124 3300 153 3348 fit
163 3308 193 3347 ut
204 3299 305 3347 animus

125 3367 281 3415 distrahetur
290 3363 453 3423 deliberande,

125 3433 262 3496 silentque

125 3516 211 3549 eurum
225 3496 353 3564 cogitandi

124 3568 270 3630 ancipitem.

124 3634 179 3691 line
191 3634 320 3690 divisione,

508 645 612 707 laquelle
626 644 744 705 poniquoi
756 643 826 690 elles
837 646 873 690 e'te
884 641 942 690 istite

509 727 541 757 un
555 710 629 758 motis
637 710 754 772 plausible

508 790 564 839 peut
575 781 624 824 etre
635 776 711 823 rendu
724 775 832 837 (donne).

542 843 577 893 Or
587 846 612 891 le
623 843 779 890 deliberetion

509 926 569 971 pour
581 909 683 972 prendre
695 924 742 956 uns
755 909 885 957 resolution

508 986 544 1023 est
556 978 635 1039 triple.

509 1058 602 1089 eomme
617 1044 635 1089 il
647 1043 736 1089 semble
747 1043 762 1088 t
774 1040 896 1088 Puuetitts.
991 1038 1052 1103 [cele

510 1108 557 1156 Cet
576 1114 607 1156 lea
624 1112 720 1155 bometti
738 1109 839 1155 doutent
855 1105 1013 1169 (examinent)
1031 1106 1052 1153 si

510 1175 550 1236 qui
564 1176 643 1222 tumbe
654 1175 738 1235 (vient)

509 1257 538 1288 en
548 1241 707 1289 de'libe'retion

509 1317 545 1354 est
560 1307 689 1356 honnetelt
701 1307 761 1353 stite

509 1388 540 1421 nn
552 1375 676 1428 benteux;

510 1455 538 1488 en
552 1443 692 1488 examinent
705 1438 784 1501 lequel
798 1443 863 1498 point

510 1517 610 1555 sentent
623 1509 657 1554 les
671 1507 756 1568 esprits
768 1515 823 1553 sont
840 1505 941 1552 tireillds

510 1573 614 1620 veredes
627 1574 767 1620 sentimenti
784 1573 891 1635 oppese's.

509 1638 568 1686 l’uis
579 1639 739 1701 d'nutre-pert

509 1720 541 1752 on
554 1706 723 1754 ilaebetebent

510 1787 540 1819 ou
553 1773 584 1819 ils
601 1774 740 1820 examinent

510 1842 530 1884 ti
538 1853 564 1885 ee
576 1854 618 1885 sur
633 1839 689 1901 quoi
703 1840 733 1886 ils
745 1837 878 1886 deliberent

509 1906 617 1952 est-utile
631 1920 723 1952 ennon

510 1985 571 2032 peut·
581 1971 606 2019 ls
617 1971 763 2019 commeditd

509 2046 534 2084 et
547 2036 691 2100 l'agrdment
701 2037 730 2085 de
742 2038 766 2084 la
780 2036 825 2092 vie,

510 2117 570 2165 pour
582 2104 606 2150 la
618 2104 913 2165 fecilite-de-se-procurer
923 2101 958 2149 les
969 2100 1053 2151 clintes

510 2180 533 2216 et
544 2169 710 2228 l'sbondanee,

510 2251 572 2297 pent
583 2237 619 2284 les
628 2238 753 2295 tiebesses,
763 2252 824 2298 peut
834 2235 859 2282 le
870 2235 1004 2297 puissttnce¹

510 2317 553 2364 pet
565 2302 692 2365 lesquelles
701 2304 731 2350 ils
752 2304 862 2365 puisssnt
872 2300 939 2349 sidet

509 2377 532 2415 et
542 2374 688 2417 ena-memes
699 2377 723 2417 et
732 2370 766 2417 les
775 2370 840 2417 leurs
850 2386 857 2425 ς

510 2434 614 2497 laquelle
626 2435 783 2484 deliberetien
798 2433 954 2483 tent-entibre

512 2502 591 2548 tombs
599 2517 641 2549 sut
652 2505 685 2563 (se
694 2503 834 2565 supported)
842 2501 866 2549 ls
875 2500 1051 2549 consideration

512 2566 540 2616 de
553 2569 660 2616 l’utilite.

512 2634 547 2682 La
557 2636 677 2682 troisieme
686 2637 768 2698 espleee

513 2701 542 2748 tle
554 2701 638 2748 deuter
650 2702 689 2763 (de
704 2702 872 2762 deliberation)

510 2777 546 2815 est
556 2768 653 2829 lorsque
662 2770 714 2816 cels

512 2835 553 2895 qui
565 2839 642 2896 parsit
651 2838 700 2883 etse
713 2835 774 2883 utile

512 2906 591 2962 patruit
604 2903 678 2948 lutter
696 2906 754 2957 tetre
765 2917 793 2948 en
808 2898 944 2963 dissecord)

512 2983 568 3014 nvec
586 2967 741 3016 l'ltonnetete'.

513 3034 548 3082 lin
561 3034 616 3080 ellet
626 3035 722 3096 lorsque
729 3035 828 3082 1’utitite

512 3104 589 3161 pnrnlt
598 3102 656 3148 tirer
667 3104 682 3147 it
691 3102 744 3160 elle,

513 3167 658 3215 l'honnltete'
671 3165 840 3215 eu-eontrnire

514 3235 621 3296 reppeler
632 3236 647 3280 t
658 3235 711 3289 elle.

513 3299 531 3346 il
542 3298 619 3347 sefeit
631 3302 658 3361 (il
672 3301 760 3348 nrtivel
771 3315 817 3361 qne
831 3299 923 3362 l'esprit

514 3367 561 3413 seit
574 3367 662 3414 tireillti
671 3382 701 3413 en
713 3366 855 3423 deliberent,

513 3441 538 3479 et
549 3444 646 3495 apperte

515 3514 561 3546 nne
572 3501 717 3562 applicetion
728 3499 757 3547 de
763 3515 848 3562 penset
859 3498 897 3562 (ds
904 3498 1055 3561 mddittttion)

514 3566 656 3616 ineerteine.

515 3630 563 3680 Pet
573 3642 632 3682 eette
646 3633 759 3689 division,
