2474 4694
10 39 876 353 —

332 761 385 808 uas
406 762 539 819 canoras,
562 762 644 807 uvae
665 763 707 809 ιιι.
923 752 981 811 557

97 881 190 942 Quarit
204 884 283 940 etiam,
478 881 497 930 ll
510 881 612 929 cherclis
622 883 707 938 meme.

62 951 83 996 si
98 951 193 1012 snpicus
444 950 464 996 si
478 964 510 995 un
525 963 582 1009 uage

63 1015 204 1078 imprudens
444 1016 737 1077 ne-s’en-upercevant-pas
758 1044 761 1049 -

61 1082 182 1143 acceperit
443 1096 524 1144 arepu

62 1162 176 1195 nummos
191 1146 342 1196 adulterinos
443 1147 484 1194 des
497 1148 574 1210 pidces
586 1146 678 1195 tuusss·

61 1231 105 1278 pro
118 1215 196 1270 bonis,
442 1229 503 1276 pour
516 1215 545 1260 de
556 1214 656 1271 bonnos,

60 1296 137 1342 quum
150 1281 256 1329 rescierit
270 1280 305 1338 td,
444 1280 553 1343 lorsqu'il
568 1295 628 1328 aura
641 1295 747 1329 reconna
759 1281 820 1336 cela,

60 1347 302 1396 soluturusnositeos
444 1346 481 1394 s’il
497 1361 584 1410 payera
596 1347 722 1408 (docuere)
735 1347 793 1394 elles

59 1428 104 1474 pro
116 1414 196 1472 bonis,
443 1427 504 1474 pour
520 1418 618 1469 bonnae,

59 1481 79 1526 si
92 1479 177 1528 debeat
187 1480 236 1527 cui.
442 1480 480 1527 s'il
491 1479 567 1527 dotet
578 1480 718 1542 quelqu'un.

63 1546 183 1608 Diogenes
196 1550 244 1603 ssitg
443 1545 552 1608 Diogdne
563 1545 667 1604 ditoui3

63 1613 190 1674 Antipater
205 1619 285 1675 negat,
441 1613 568 1675 Antipster
579 1611 686 1677 dit-non,
891 1607 980 1672 [rencs.

60 1679 101 1724 cui
115 1679 232 1726 assentior
247 1677 333 1740 potitis.
441 1679 530 1740 auquel
545 1679 571 1740 je
594 1678 841 1726 donus-assentiment
858 1675 980 1739 (is-prdie·

60 1743 108 1803 Qui
125 1746 213 1792 vendat
224 1747 301 1792 sciens
442 1745 511 1792 Celui
524 1746 565 1807 qui
580 1745 691 1792 voudrais
702 1750 721 1792 ls
733 1744 834 1792 cachant

61 1813 145 1857 vinnm
159 1811 262 1874 frigians,
441 1810 473 1857 du
487 1811 526 1858 rin
538 1811 578 1872 qui
591 1811 637 1859 tuit
649 1813 719 1871 (n'est
732 1826 775 1874 pas
788 1811 816 1858 de
826 1806 920 1874 gards),

62 1877 177 1924 debentne
189 1877 283 1926 dicere?
442 1876 567 1924 ‹terruit-il
580 1881 600 1925 ls
611 1875 678 1925 diret

61 1943 181 2007 Diogenes
193 1953 261 2006 putat
441 1941 549 2004 Diogene
560 1959 632 2006 pense

61 2025 109 2055 non
127 2026 233 2068 necessu
441 2013 489 2055 cela
501 2014 571 2057 n'5trs
582 2025 625 2072 pas
633 2009 780 2067 necessair03

60 2077 187 2138 Antipater
201 2077 322 2125 existimat
439 2076 567 2137 Antipater
580 2078 663 2124 estimo

59 2144 107 2189 uiri
118 2144 183 2191 boui.
440 2145 487 2188 celo
497 2148 543 2189 cm
554 2141 612 2189 d’uu
622 2142 717 2190 homme
727 2142 820 2190 debisn

60 2209 119 2256 llaec
130 2217 187 2257 sunt
197 2209 266 2270 quasi
439 2207 472 2256 Ca
486 2217 542 2255 sont
553 2213 578 2255 ld
587 2210 808 2271 audacique-sorte

57 2275 116 2337 jara
133 2286 285 2324 controversa
440 2273 473 2321 les
483 2274 559 2322 droits
569 2275 671 2322 discutc's
680 2277 725 2334 (les
736 2276 858 2337 questione
870 2274 899 2323 ds
907 2274 979 2333 droit)

59 2345 200 2390 stoicorum.
441 2339 482 2386 des
494 2339 615 2387 stolcions.

61 2407 87 2455 ln
104 2409 228 2456 vendendo
239 2408 370 2471 mancipio,
440 2405 475 2453 En
489 2405 594 2453 vendant
607 2421 641 2454 un
653 2406 754 2458 esclave.

60 2476 149 2521 vitiano
161 2473 271 2530 dicenda,
439 2473 460 2518 si
473 2473 507 2519 los
518 2473 580 2519 vices
591 2472 690 2520 doivent
700 2476 750 2519 dtre
762 2472 820 2538 dits,

60 2555 108 2587 uon
121 2555 157 2597 ee,
440 2553 487 2584 non
500 2554 541 2600 pas
551 2553 622 2591 ceux,

59 2622 113 2669 qnae
125 2608 171 2653 nisi
182 2607 279 2656 dixeris.
438 2603 541 2665 lesquels
553 2605 607 2652 situ
620 2605 670 2650 n’us
681 2618 723 2666 pns
733 2603 778 2660 dis.

59 2674 206 2735 mancipium
221 2672 375 2720 redhibeatur
439 2670 549 2717 l'esclave
562 2673 669 2730 pourtuit
678 2674 728 2716 irre
738 2671 811 2719 reuda

56 2739 113 2800 jara
124 2741 204 2793 civili3
439 2736 532 2799 d'apres
546 2737 568 2783 le
580 2735 644 2783 droit
659 2736 714 2783 civil
725 2753 731 2788 r

58 2806 99 2851 sed
112 2805 172 2866 hsce,
185 2820 237 2853 essa
247 2804 395 2860 manducem,
438 2805 499 2849 mais
509 2803 616 2864 ceux-ci,
628 2804 729 2849 l'escluus
740 2805 789 2850 etro
802 2809 921 2860 monteur,

58 2872 197 2925 aleatorem.
215 2871 328 2929 furacem,
436 2868 533 2931 joueur,
546 2869 637 2926 volent,

58 2937 198 2988 ebriosum?
438 2936 555 2997 ivropne?

59 3004 136 3051 Alteri
438 3002 521 3049 Al'un

58 3069 172 3119 videntur
182 3068 290 3124 dicenda.
437 3083 470 3115 ces
481 3070 566 3129 de'snuir
574 3069 692 3116 semblent
704 3066 783 3115 devoir
793 3070 843 3115 ttre
854 3067 910 3128 dits,

59 3137 127 3184 alteri
142 3152 188 3184 aon
200 3135 319 3183 videntur.
438 3135 550 3182 isl'autre
565 3135 597 3183 ils
610 3150 641 3182 ne
653 3138 672 3180 is
684 3134 801 3180 semblent
815 3150 865 3197 pas.

57 3201 82 3249 Si
94 3204 159 3263 quis,
171 3204 275 3250 vendens
283 3216 376 3260 aurum,
438 3199 461 3247 Si
472 3201 612 3264 quolqu'un,
626 3200 732 3248 vendant
743 3200 771 3247 ds
783 3202 837 3264 l‘or,

57 3281 125 3332 putct
438 3268 531 3329 psnsnit

57 3351 82 3382 se
96 3334 196 3383 tendere
207 3334 366 3388 orichalcum,
436 3333 562 3381 tui-meme
574 3332 661 3381 vendre
673 3331 704 3379 du
717 3333 801 3389 lniton.

58 3404 126 3449 virne
138 3403 214 3448 botrus
225 3402 313 3448 iudicet
325 3401 345 3447 si
438 3399 551 3446 l'homrns
561 3399 657 3448 tle-bien
671 3399 790 3447 dearsit-il
802 3398 976 3462 indiqaer'slui

57 3468 119 3515 illud
135 3483 185 3515 esse
199 3483 295 3520 aurum.
437 3467 488 3513 cels
497 3469 547 3514 etro
558 3466 586 3512 ds
598 3467 652 3519 l'or.

57 3549 88 3580 an
101 3546 165 3581 emat
176 3534 274 3581 denario
437 3546 469 3578 οιι
481 3531 606 3580 dearsit-il
619 3531 715 3579 aelreter
729 3548 761 3579 nn
775 3530 857 3579 deuier
884 3529 976 3594 [nisrsl

57 3600 121 3660 qnod
133 3603 165 3647 sit
175 3601 241 3648 mille
254 3600 395 3648 detrarium'?
437 3613 463 3644 ce
485 3600 526 3660 qui
544 3600 616 3645 serait
636 3601 662 3644 da
679 3602 701 3644 la
720 3603 794 3645 calcar
811 3597 840 3645 da
855 3597 921 3644 millu
940 3598 976 3644 da·

57 3668 103 3715 Est
114 3668 164 3730 jam
179 3667 329 3729 perspicuum
437 3663 457 3712 ll
470 3675 505 3711 cst
516 3664 646 3712 ddsormais
659 3666 779 3711 tresclnir

56 3733 116 3795 quid
133 3733 240 3781 videatur
252 3733 322 3788 milti,
437 3730 516 3792 qrtelle
525 3730 596 3778 chose
609 3731 722 3778 searblc'a
735 3730 792 3786 moi,

56 3811 81 3846 et
91 3814 145 3860 qua
158 3802 190 3846 sit
201 3799 363 3847 controversia
438 3808 461 3843 et
472 3798 527 3858 quel
538 3807 574 3844 est
586 3798 607 3843 lo
620 3798 690 3845 de'but

57 3864 120 3912 inter
134 3881 174 3913 eos
186 3863 340 3928 philosophos
438 3873 504 3910 entre
516 3878 554 3910 ces
567 3862 717 3925 philosophos

57 3945 118 3992 quos
128 3933 261 3980 nominavi.
438 3943 483 3990 que
494 3930 536 3987 j'ai
553 3931 668 3975 nornme's.
