2474 4694
285 39 1093 335 ·

1006 350 1012 359 ι

427 372 431 386 Ι
941 364 945 373 “
964 383 967 387 ,
1064 372 1068 377 .

502 395 506 402 ·
1048 402 1052 409 ι

706 418 711 423 -
905 414 908 427 Ι

946 462 954 473 ι

818 478 820 485 ι

919 562 923 569 -

106 761 143 815 lo
410 759 445 803 nr
465 757 583 804 urricus
604 756 687 800 einen
709 755 729 799 ι.

103 895 180 951 cujus
191 878 308 934 studioa
324 878 404 933 rebus
416 876 542 949 gerendis
556 873 653 929 abduci
667 877 760 928 contra
773 868 891 926 cilicium
902 869 1031 927 estvir·

103 982 170 1036 tutis
183 982 253 1036 enim
269 981 326 1036 laus
339 982 427 1036 omnis
441 981 469 1035 in
484 981 589 1035 actione
602 976 742 1043 consistit;
753 989 768 1028 u
780 989 835 1045 qua
849 978 940 1028 tamen
954 986 1030 1042 scope

104 1078 134 1134 lit
147 1078 319 1146 intermissio,
336 1080 467 1151 multique
481 1079 582 1135 dantur
601 1077 634 1133 ud
650 1076 741 1132 studia
757 1074 858 1129 reditus
874 1090 881 1127 :
899 1080 956 1129 tum
971 1073 1030 1143 agi·

104 1183 171 1239 tatio
185 1184 291 1253 mentis,
306 1199 369 1254 quea
385 1199 524 1254 nunquam
539 1181 697 1254 acquiescit,
712 1185 803 1253 potest
816 1195 865 1235 nos
883 1181 910 1234 in
930 1175 1031 1231 studiis

102 1283 281 1355 cogitationis,
296 1283 378 1339 etiam
391 1285 451 1339 sine
461 1300 542 1356 opera
558 1290 658 1350 nostra,
671 1284 820 1338 continere.
830 1281 924 1337 Omnis
938 1289 1029 1337 autem

103 1386 229 1457 cogitatio
243 1394 386 1458 motusque
402 1386 483 1442 animi
498 1393 546 1440 aut
564 1386 591 1439 iu
606 1386 725 1441 consiliis
739 1384 880 1457 capiendis
895 1383 932 1438 de
947 1384 1031 1439 rebus

102 1488 224 1545 honestis
235 1497 262 1545 et
274 1490 473 1562 pertinentibus
484 1488 517 1543 ad
536 1488 606 1543 bene
619 1487 754 1560 beateque
767 1485 924 1552 vivendum,
940 1485 1030 1541 autin

102 1591 200 1646 studiis
214 1592 337 1647 scientiae
352 1591 561 1663 cognitionisque
572 1596 704 1645 versatur.
721 1590 761 1644 Ac
772 1586 806 1642 de
818 1587 903 1659 primo
916 1585 1029 1656 quidem

102 1690 184 1746 cilicii
196 1693 269 1747 ionle
281 1692 409 1748 diximus.

137 1794 192 1848 Vll.
207 1796 245 1850 De
257 1795 343 1850 tribus
362 1801 453 1850 autem
468 1793 580 1866 reliquis
595 1791 726 1847 latissime
740 1797 815 1862 petet
828 1803 861 1844 ea
876 1794 956 1853 ratio,
974 1803 1030 1858 qno

102 1895 217 1952 societas
229 1895 368 1950 hominum
384 1897 453 1950 inter
465 1896 538 1967 ipsos
553 1904 581 1950 et
594 1895 658 1950 vitre
673 1893 750 1965 quasi
771 1890 952 1946 communitas
963 1906 1031 1945 con-

103 1998 212 2053 tinetur.
234 1998 318 2068 Cujus
340 2006 432 2070 partes
453 1997 516 2052 duae
538 2006 623 2050 sunt:
644 1995 765 2068 justitia,
787 1995 813 2048 in
840 2008 892 2064 qua
917 1991 1030 2046 uirtutis

101 2098 228 2170 splendor
242 2105 285 2153 est
300 2096 441 2166 maximus,
456 2113 488 2152 ex
504 2112 557 2169 qua
572 2096 633 2151 boni
650 2096 700 2150 viri
715 2095 907 2159 nominantur;
923 2100 950 2149 et
965 2093 1030 2148 huic

102 2197 246 2267 conjuncta
265 2194 453 2263 beneficentia,
469 2211 552 2266 quam
569 2195 690 2250 eamdem
711 2193 752 2249 vel
770 2193 964 2264 benignitatem
986 2191 1028 2247 vel

102 2291 292 2350 liberalitatem
304 2293 433 2367 appellari
447 2294 516 2351 licet
532 2295 584 2352 Sed
602 2295 717 2366 justitiae
732 2294 849 2366 primum
870 2307 971 2346 munus
986 2297 1027 2347 est

102 2552 131 2600 de
143 2553 263 2612 laverite'q
276 2553 412 2617 cepeudnnt
427 2554 447 2602 il
462 2556 535 2603 seruit
550 2554 671 2602 contraire
682 2568 714 2600 nu
730 2552 813 2599 devoir
826 2551 855 2600 ds
867 2553 905 2615 s’y
916 2550 1028 2602 adonner

102 2665 133 2697 eu
145 2651 213 2713 point
227 2651 256 2698 de
267 2653 378 2716 negliget
390 2667 427 2699 ses
444 2651 549 2699 alluires.
563 2652 628 2699 'l'out
639 2653 660 2700 le
680 2652 734 2714 prix
753 2649 783 2698 de
795 2651 820 2698 lo
835 2658 905 2698 verta
918 2636 1027 2699 euidens

102 2747 217 2805 l’action3
231 2749 292 2797 mais
305 2751 322 2797 il
332 2766 348 2813 y
358 2765 373 2796 a
385 2749 414 2796 de
428 2748 551 2811 frequenta
565 2749 705 2797 intervalles
717 2749 758 2811 qui
770 2764 831 2797 nous
843 2756 986 2811 permetient
997 2751 1027 2799 ds

102 2854 228 2896 retourner
241 2851 255 2895 is
267 2863 311 2896 nos
328 2847 424 2907 nudes,
444 2856 467 2895 et
486 2848 610 2897 d'ailleurs
632 2850 747 2897 l'uenvite
770 2848 798 2895 de
816 2850 920 2913 l'esprit‚
934 2850 976 2913 qui
995 2865 1027 2898 ne

101 2946 199 2994 s'mrete
208 2945 307 3007 jamnis,
321 2954 384 3009 peut.
399 2948 477 2994 meme
489 2962 545 2995 sans
557 2949 656 3005 travail,
669 2964 730 2995 nous
753 2948 885 2995 meintenir
906 2947 966 2994 dans
976 2962 1026 2996 une

101 3044 172 3091 dtude
188 3044 346 3092 centinuelle.
362 3045 398 3093 Or
409 3053 476 3093 toute
495 3046 641 3109 applienlion
657 3046 685 3094 de
703 3047 797 3109 l'esprit
812 3062 827 3093 a
838 3062 899 3109 pour
915 3045 982 3106 objet
994 3060 1027 3092 ou

101 3139 135 3187 les
145 3140 289 3188 resolutione
303 3142 318 3188 δ
329 3140 431 3204 prendre
444 3157 485 3189 sur
497 3143 533 3189 les
548 3141 631 3189 choses
646 3142 763 3190 lmnnetes
772 3145 813 3205 qui
827 3142 982 3190 contribuerit
993 3155 1026 3188 au
1080 3176 1082 3181 .

101 3234 210 3283 bonlreur
222 3236 250 3283 de
262 3237 288 3284 la
297 3237 344 3293 vie,
358 3254 389 3285 ou
400 3238 433 3284 les
446 3237 586 3285 recherches
600 3239 770 3301 seientiliques.
784 3239 858 3288 Voilis
867 3254 928 3302 pour
941 3251 968 3285 ce
983 3236 1026 3299 qui

101 3331 202 3393 regardo
215 3332 237 3379 le
249 3334 352 3394 premier
363 3336 471 3397 principe
484 3335 513 3382 de
525 3352 568 3383 nos
580 3336 683 3384 devoirs.

134 3427 190 3477 Vll.
210 3429 259 3477 Dee
276 3431 335 3478 trois
356 3440 445 3489 autres,
459 3433 482 3479 le
501 3433 555 3494 plus
574 3433 659 3481 ie'eoml
674 3443 698 3483 et
708 3437 731 3483 le
744 3436 798 3499 plus
810 3433 898 3483 elendu
910 3440 946 3481 est
959 3431 1024 3480 celui

101 3526 142 3588 qui
154 3526 211 3573 tend
228 3528 243 3575 d
262 3529 393 3577 meiulenir
409 3531 434 3577 le
454 3533 542 3579 societd
564 3538 587 3579 et
606 3534 620 3578 iu
640 3535 756 3581 cimenter
784 3535 879 3581 l'uniun
898 3538 965 3578 entre
988 3529 1024 3576 les

101 3622 216 3671 hommes.
233 3623 254 3672 ll
271 3640 296 3674 se
313 3625 388 3674 diuise
407 3642 436 3675 en
460 3629 522 3676 deux
539 3630 649 3691 parties:
671 3631 697 3677 ln
715 3631 820 3692 justice.
842 3630 866 3676 le
887 3629 943 3691 plus
960 3628 1024 3675 ecla·

101 3727 167 3768 tante
179 3718 208 3766 de
220 3726 298 3768 tontes
308 3722 343 3768 les
355 3730 448 3778 verina,
462 3723 487 3770 ln
500 3724 617 3785 premiere
629 3725 720 3785 qualite'
733 3725 762 3772 de
781 3725 896 3772 l’lromrne
908 3724 937 3771 de
949 3723 1019 3781 bien;

100 3826 124 3867 et
135 3818 161 3865 ln
173 3815 351 3878 bienleisance,
369 3833 415 3882 qua
427 3819 477 3867 l'on
490 3827 547 3884 peut
561 3821 626 3868 aussi
643 3823 738 3885 appeler
748 3822 821 3870 bente
833 3839 864 3870 ou
877 3822 1019 3885 generosite.

101 3911 133 3960 Le
144 3912 247 3976 premier
259 3911 342 3963 devoir
353 3915 488 3978 qu'impose
503 3917 527 3965 la
535 3918 624 3980 justice
635 3926 672 3966 ert
688 3919 716 3966 de
728 3933 759 3967 ne
770 3918 832 3967 faire
842 3918 871 3967 du
880 3918 927 3966 mul
941 3920 956 3966 lt
967 3933 1020 3982 per·
