2474 4694
231 767 285 824 loe
523 756 559 800 nn
580 752 700 801 otricus
720 753 809 797 nmen
826 753 842 795 t.

226 869 344 927 bebendi
364 885 415 925 non
436 870 481 941 qui
496 869 606 937 iaciunt,
620 869 668 924 scd
681 870 728 941 qui
747 870 905 942 propulsant
923 869 1060 941 injuriam.
1076 869 1144 923 Vera

226 980 317 1028 nutem
331 978 359 1028 et
371 972 480 1044 sopiens
496 972 576 1027 enimi
589 970 746 1041 magnitudo
759 970 902 1026 honestum
916 971 992 1039 illud,
1002 969 1075 1044 quod
1089 985 1142 1023 me

225 1073 300 1129 xime
313 1080 409 1128 natura
424 1071 555 1142 sequitur,
573 1071 599 1126 in
613 1071 823 1144 lectispositum‚
836 1087 890 1126 non
902 1071 929 1125 in
941 1069 1139 1142 gloriajudicnt,

226 1175 428 1247 principemque
438 1190 468 1230 se
479 1189 542 1230 esse
556 1173 752 1246 mavultquam
768 1173 861 1230 videri.
878 1173 981 1228 Etenim
995 1174 1040 1244 qui
1055 1190 1086 1229 ex
1099 1189 1142 1227 er·

226 1293 285 1332 rore
304 1276 435 1349 imperitae
451 1275 630 1330 multitudinis
652 1273 765 1346 pendet,
782 1275 826 1329 hic
841 1274 868 1328 in
886 1273 991 1345 magnis
1007 1273 1077 1329 viris*
1090 1291 1143 1330 non

225 1385 266 1436 est
278 1379 430 1435 habendus.
447 1378 583 1434 Facillime
597 1384 688 1433 eutem
703 1376 736 1432 ad
754 1392 799 1431 res
814 1376 929 1447 injustas
942 1376 1098 1447 impellitur,
1114 1385 1144 1432 ut

225 1483 340 1553 quisque
353 1481 486 1536 altissimo
499 1479 588 1535 animo
601 1485 653 1546 est,
668 1477 761 1548 gloriae
774 1477 932 1549 cupiditate.
950 1477 1001 1546 Qui
1017 1479 1089 1535 locus
1101 1485 1143 1533 est

225 1599 290 1640 sene
306 1583 441 1650 lubricus;
457 1579 530 1654 quod
549 1581 593 1635 vix
613 1579 749 1634 invenitur
771 1578 835 1650 qui,
854 1578 991 1634 laboribus
1008 1581 1143 1652 susceptis

224 1680 405 1753 periculisque
413 1680 504 1748 aditis,
518 1696 571 1735 non
586 1679 663 1751 quasi
674 1680 823 1734 mercedem
839 1696 928 1735 rerum
943 1687 1079 1751 gestarum
1089 1681 1143 1736 dc·

224 1781 325 1837 siderei
336 1782 457 1853 gloriam.

257 1886 320 1941 XX.
335 1885 452 1941 Omnino
466 1882 543 1938 sortis
553 1882 660 1936 enimus
673 1887 701 1937 et
713 1896 827 1951 magnus
839 1881 945 1938 duobus
959 1883 1039 1939 rebus
1053 1885 1141 1940 mexi-

224 2002 266 2042 me
279 1985 414 2052 cernitur3
430 1999 544 2055 quarum
558 1999 611 2039 una
630 1982 657 2036 in
673 1998 763 2037 rerum
780 1988 952 2038 externarum
966 1984 1140 2056 despicientia

223 2088 340 2160 ponitur,
355 2103 438 2159 quum
450 2100 607 2157 persuasum
621 2083 732 2139 sitnibil
743 2082 890 2151 hominem,
899 2084 950 2140 nisi
961 2086 1032 2163 quod
1045 2085 1143 2141 hones-

224 2196 280 2243 tum
291 2189 471 2260 decorumque
483 2186 528 2256 sit,
542 2192 589 2240 eut
609 2185 746 2255 admirari,
763 2192 811 2242 aut
828 2195 931 2261 optare,
949 2197 996 2243 aut
1014 2196 1142 2260 expetere

222 2295 354 2361 oportere,
369 2288 490 2360 nullique
503 2301 592 2360 neque
605 2285 718 2356 homini,
731 2303 818 2359 neque
831 2288 1026 2372 perturbationi
1047 2289 1140 2357 enimi,

222 2516 246 2557 et
255 2506 421 2571 magnanimes
431 2505 531 2554 ceux-lb
543 2505 607 2553 seuls
618 2506 661 2568 qni
675 2509 815 2568 repoussent
826 2503 967 2566 l'injustice,
980 2511 1004 2552 et
1015 2521 1064 2553 non
1078 2520 1139 2553 ceux

222 2602 263 2665 qni
272 2601 297 2649 lo
306 2606 471 2649 commeltent.
484 2599 518 2647 Ln
527 2599 593 2647 vreie
604 2606 630 2646 et
641 2613 698 2661 enge
708 2596 832 2662 grendeur
843 2596 919 2645 d'dmc
930 2598 1014 2646 estimo
1022 2614 1067 2662 qne
1079 2608 1140 2650 cette

222 2694 348 2742 honndtetd
362 2695 394 2742 ois
406 2693 432 2741 lu
441 2701 528 2740 nature
539 2707 599 2739 nous
610 2698 689 2754 porte,
701 2692 804 2738 consiste
818 2700 915 2740 snrcout
929 2692 989 2741 dens
1001 2693 1036 2741 les
1049 2694 1142 2742 actions

221 2795 245 2836 et
255 2802 303 2834 non
320 2785 380 2834 dens
393 2785 419 2833 le
432 2785 520 2848 gleire3
535 2799 562 2832 oe
575 2785 617 2845 qni
632 2784 665 2831 lui
681 2783 750 2846 pluit,
768 2783 826 2830 c'est
838 2785 863 2832 lo
872 2786 963 2846 reslitd,
980 2795 1004 2835 et
1017 2803 1065 2836 non
1078 2789 1139 2851 l'sp-

221 2894 323 2943 pnrenco
332 2877 365 2926 du
378 2877 481 2938 premier
491 2891 562 2938 rung.
572 2874 609 2924 Ne
619 2882 745 2938 complens
757 2891 800 2938 pes
810 2883 877 2925 entre
887 2877 922 2925 les
933 2879 1023 2940 grands
1033 2880 1141 2927 hommes

221 2971 282 3021 celui
300 2970 360 3018 dont
370 2970 404 3018 les
417 2969 509 3017 leusses
520 2969 632 3031 opinions
644 2968 673 3016 de
689 2968 714 3015 ls
726 2969 856 3017 multitude
870 2971 964 3033 rbglent
977 2972 1002 3019 le
1016 2971 1138 3019 concinite.

223 3061 287 3113 C'ost
296 3060 319 3108 le
331 3060 393 3107 desir
404 3059 432 3107 de
444 3060 468 3107 Ιι
479 3057 557 3122 gleire
569 3059 611 3121 qui
626 3061 733 3106 entrelne
745 3060 765 3105 si
778 3060 916 3108 fecilement
926 3061 961 3109 les
971 3061 1026 3122 plus
1036 3060 1140 3123 grandes

221 3154 286 3199 tunes
296 3152 312 3199 lt
321 3151 467 3213 l¹injustice3
480 3159 511 3211 et,
523 3158 576 3198 tent
587 3150 609 3197 le
618 3164 660 3212 pos
669 3158 705 3197 est
714 3149 849 3211 gimenes
859 3153 926 3215 peine
934 3160 1137 3211 rencontre·t-on¹

221 3243 298 3307 parmi
311 3256 372 3289 ceux
383 3242 424 3304 qui
438 3249 483 3288 ont
495 3242 560 3290 tenne
570 3240 599 3287 de
609 3239 714 3302 grondes
727 3241 869 3303 entreprises
881 3258 913 3290 ou
922 3243 995 3290 bunne
1007 3241 1036 3290 de
1048 3244 1140 3306 grands

221 3335 302 3400 perils.
315 3350 348 3382 un
360 3333 457 3382 homme
468 3336 509 3396 qni
526 3349 555 3381 ne
571 3333 685 3396 pretende
697 3349 739 3394 pas
752 3336 767 3381 ὲ
779 3334 803 3381 ln
814 3333 892 3397 gleire
903 3350 996 3383 comme
1015 3337 1089 3384 buno
1100 3339 1137 3385 re'-

220 3443 347 3490 compense
358 3426 399 3489 qui
411 3426 446 3473 lui
460 3433 496 3473 est
507 3425 562 3474 dne.

253 3518 310 3573 XX.
322 3518 357 3567 En
368 3518 475 3581 ge'ne'rel,
489 3533 536 3565 une
552 3520 608 3565 lime
619 3516 710 3580 grande
725 3527 747 3565 el
761 3518 821 3564 forte
833 3533 858 3566 se
875 3525 1000 3567 reconnnlt
1017 3523 1139 3570 surtoutb

222 3611 285 3660 deux
299 3611 397 3659 choses:
411 3610 477 3657 l’uue
486 3618 522 3657 est
531 3610 554 3657 le
565 3609 655 3672 ineptis
666 3609 780 3656 desbiens
792 3611 933 3669 exte'rienrs,
944 3611 1017 3660 sondd
1028 3624 1138 3663 surcette

221 3704 359 3768 persuasion
372 3716 419 3764 que
436 3701 550 3749 l'lnomme
569 3715 600 3748 ne
618 3700 669 3749 doit
681 3701 707 3749 ni
727 3701 841 3759 admirer,
856 3703 882 3750 ni
902 3702 1034 3762 souhoiter.
1056 3706 1081 3753 ni
1099 3722 1137 3754 re-

220 3795 335 3846 chercher
347 3795 399 3843 rien
412 3794 453 3855 qui
465 3808 495 3840 ne
506 3795 552 3841 soit
563 3791 669 3840 honndtc
678 3801 702 3841 et
712 3793 866 3854 bienfoisont,
883 3796 942 3858 qn'il
952 3803 988 3844 est
997 3797 1098 3860 indigne
1109 3797 1138 3845 de

220 3884 255 3933 lui
267 3884 296 3935 de
307 3885 378 3934 ceder
389 3885 462 3935 scitii
476 3900 508 3933 un
521 3892 591 3934 autre
604 3885 709 3945 homme,
722 3888 769 3938 soit
780 3890 794 3936 b
805 3904 832 3937 so
843 3891 947 3953 passion,
963 3889 1011 3937 soit
1026 3893 1041 3938 's
1054 3890 1078 3937 ls
1090 3890 1138 3939 loc-
