2474 4694
390 800 443 844 nes
463 799 595 857 nivolus,
618 800 703 845 srvos
724 802 756 846 u.

112 915 294 965 multitudinem
307 916 407 971 artium.

112 985 164 1030 sine
180 984 269 1045 quibus

111 1050 182 1096 nullu
196 1050 246 1096 vita
257 1050 357 1096 omnino

111 1116 228 1179 potuisset
240 1113 311 1162 esse?

110 1183 171 1242 Quis
182 1182 246 1229 enim

110 1250 247 1295 subveniret
260 1249 342 1311 egris.

110 1331 164 1377 quse
176 1315 305 1362 oblectatio
314 1322 377 1362 esset

110 1383 253 1433 valentium.

110 1448 151 1509 qul
165 1448 242 1493 rictus
257 1454 299 1494 unt
310 1446 399 1499 cultus.

111 1515 158 1560 uisi
171 1522 234 1560 urtes
247 1523 296 1560 tem
310 1515 393 1561 multae

109 1578 294 1627 ministrarent?

109 1647 203 1705 Quibus
216 1647 287 1693 rebus
299 1646 396 1694 exculte

109 1714 158 1759 vite
170 1711 297 1759 hominurn

109 1779 183 1826 distut
194 1786 289 1826 tentum

108 1859 123 1892 e
137 1848 204 1892 victu

108 1919 132 1957 et
144 1912 210 1959 culm
224 1911 364 1958 bestiarum.

108 1977 187 2027 Urbes
199 1993 254 2025 vero

108 2045 160 2090 sine
175 2056 238 2092 coetu
255 2044 380 2090 hominurn

108 2125 157 2157 non
170 2113 304 2172 potuissent

108 2192 152 2224 nec
163 2176 278 2225 aedificari

108 2258 152 2289 nec
166 2242 312 2305 frequentari
325 2258 330 2287 :

108 2324 138 2355 ex
150 2324 198 2370 quo
210 2311 272 2373 leges

108 2389 234 2437 moresque
253 2375 388 2431 constituti,

108 2451 160 2488 tum
181 2442 308 2505 descriptio
323 2455 392 2502 aequu

107 2508 181 2569 juris,

108 2572 462 2636 disciplinaquecertavivendi.

108 2640 175 2699 Quns
187 2655 224 2686 res

108 2718 132 2754 et
147 2704 306 2754 mansuetudo
327 2707 464 2753 culmorum

108 2772 463 2827 stverecundisconsecuteest,

108 2839 267 2901 effectumque

108 2917 136 2951 ut
146 2908 196 2953 vita
211 2912 272 2953 esset
288 2905 414 2962 munitior,

108 2983 180 3034 mque
196 2980 224 3018 ut
236 2972 317 3019 dando

108 3050 132 3085 et
143 3039 292 3100 occipiendo,

109 3105 279 3166 mutandisque
293 3103 450 3150 securitatibus

108 3181 130 3216 et
143 3171 285 3223 commodis.

109 3252 234 3299 egeremus
248 3237 317 3284 nulla
333 3252 368 3283 re.

144 3304 174 3350 V.
195 3303 285 3351 Sumus
296 3302 342 3350 hoe
353 3304 406 3350 loco

109 3368 310 3432 longioresquum
321 3378 465 3415 estnecrsse.

109 3435 170 3494 Quis
180 3445 216 3482 est
226 3437 300 3493 enim,

109 3505 147 3548 cui
160 3518 208 3548 non
221 3505 271 3548 sint
282 3502 407 3563 perspicua

110 3568 154 3614 ills
170 3583 223 3629 quse
247 3572 466 3614 commemorantur

110 3634 220 3697 pluribus
238 3635 316 3681 verbis

109 3714 124 3746 e
138 3700 254 3754 Peucetio.

109 3768 229 3813 neminem

109 3847 186 3894 neque
197 3833 282 3879 ducem
294 3831 360 3885 belli.

109 3913 154 3946 nco
166 3901 300 3961 principem
313 3897 386 3954 domi,

109 3966 216 4027 potuisse
227 3979 310 4028 gerere

496 917 520 964 le
532 918 663 964 multitude
673 916 713 965 des
727 925 787 969 srts.

495 998 551 1031 sens
561 984 665 1046 lesquels

494 1065 588 1098 aucune
599 1051 638 1097 vie
654 1050 806 1099 sbsolument

493 1117 600 1163 u’uursit
612 1132 644 1179 pu
656 1114 724 1164 &trel

494 1181 540 1242 Qui
555 1199 584 1230 en
603 1183 659 1231 effet

494 1250 626 1296 secourrsit
637 1250 672 1298 les
684 1248 800 1305 meledes,

492 1318 548 1377 quel
561 1315 658 1364 churme
670 1317 743 1363 seruit

494 1381 523 1429 de
537 1397 598 1429 ceux
609 1384 650 1446 qui
663 1398 687 1430 se
703 1383 871 1445 portent-bien.
951 1383 1036 1448 [vivre.

493 1449 573 1510 quelle
592 1451 732 1496 nourriturc
748 1464 779 1496 ou
795 1453 866 1510 quelle
877 1450 1037 1498 mnniersde·

494 1516 513 1561 si
529 1515 570 1561 des
584 1525 634 1562 srts
647 1517 668 1562 si
684 1515 822 1564 nombrcux

494 1596 524 1628 ne
536 1597 593 1629 nous
604 1581 711 1629 uiduient
723 1580 781 1644 pus?

493 1646 541 1695 Par
554 1648 682 1710 lesquelles
694 1648 778 1696 choses
792 1647 910 1706 embellie,

492 1714 517 1760 ls
532 1714 570 1761 rie
580 1713 621 1762 des
633 1714 742 1762 hommes

455 1773 463 1783 “
492 1789 529 1827 est
539 1781 648 1842 &isignes
659 1789 712 1828 tent

493 1846 522 1892 de
534 1846 557 1893 la
572 1849 710 1895 nourriturc

491 1920 516 1959 et
525 1912 554 1959 de
563 1913 588 1959 ln
600 1912 830 1962 nestoreos-vinc
842 1912 883 1961 des
894 1913 968 1962 heles.

492 1979 553 2026 Mais
566 1979 601 2027 les
612 1982 681 2029 villcs

492 2061 549 2092 suns
561 2046 662 2094 re'uuion
676 2046 810 2094 d'hommes

492 2113 628 2159 n'uuruient
640 2129 672 2175 pu

492 2179 517 2224 ni
528 2181 576 2224 dtre
588 2179 665 2227 hhfies

492 2244 517 2289 ni
531 2247 581 2290 dtrc
597 2244 723 2307 peupldes:

491 2310 651 2371 perstulte-de
660 2312 715 2373 quoi
731 2310 772 2359 des
782 2311 828 2360 lois

492 2385 515 2422 et
525 2376 565 2422 des
576 2391 666 2424 moeurs
678 2385 717 2422 cut
729 2378 762 2423 e‘ld
770 2377 878 2435 dtablies,

492 2443 591 2502 puisun
607 2444 742 2505 reglemsnt
754 2444 809 2505 egel

493 2506 524 2553 du
542 2508 614 2564 droit,

492 2581 516 2620 et
529 2590 561 2620 un
579 2576 683 2636 systeme
695 2573 743 2621 fixe
755 2574 784 2622 de
796 2576 861 2623 viere
872 2573 914 2636 (dc
928 2573 983 2634 ric).

493 2638 630 2702 Lesqnellcs
643 2640 728 2688 choses

493 2713 517 2751 et
529 2707 553 2753 lu
565 2707 670 2755 douccnr
682 2707 723 2754 des
739 2707 833 2770 esprits,

494 2781 516 2818 et
527 2772 552 2820 le
563 2772 656 2834 pudeur
669 2774 751 2831 univit,

493 2838 589 2886 etillut
597 2839 694 2901 produit

494 2919 539 2965 quc
549 2905 574 2952 in
587 2907 624 2951 vie
636 2905 675 2952 fsst
686 2906 741 2968 plus
753 2905 860 2960 essnrde,

493 2972 743 3033 mmmMmt

494 3045 518 3083 et
529 3053 558 3084 en
574 3046 693 3094 recenant,

494 3111 518 3150 et
527 3119 556 3150 en
569 3104 723 3167 e'chsngeent
733 3104 767 3151 les
779 3118 913 3152 ressourcss

494 3177 518 3217 et
527 3171 561 3217 les
574 3179 713 3232 uvantuges.

496 3252 556 3283 nous
575 3252 604 3283 ne
617 3238 802 3300 munquussions
814 3236 932 3283 d'uucnne
943 3233 1022 3282 chose.

529 3303 560 3348 V.
579 3303 647 3351 Nous
657 3318 760 3350 summes
772 3320 801 3350 en
811 3310 848 3350 cet
859 3301 956 3350 endroit

494 3369 517 3430 pl
523 3384 550 3414 us
561 3368 634 3430 longs
647 3371 707 3432 qu'il
719 3371 780 3417 u'est
789 3370 930 3416 necessuire.

495 3433 541 3493 Qui
552 3443 588 3481 est
597 3437 623 3497 (y
635 3438 700 3482 rso-il
709 3436 851 3498 quelqn‘un)
864 3449 893 3481 en
906 3433 969 3490 effet,

494 3515 554 3562 pour
565 3503 606 3563 qui
620 3517 649 3549 ne
659 3505 705 3549 soit
719 3518 760 3566 pes
774 3501 894 3548 evidenter

494 3582 532 3613 ces
542 3566 624 3613 choses
636 3569 678 3631 qui
690 3578 745 3615 sont
758 3569 893 3629 repperte‘es

494 3647 523 3679 en
536 3633 590 3695 plus
605 3636 760 3681 nombreuses
773 3634 867 3697 peroles

494 3714 536 3760 pur
549 3698 672 3756 Punetius.

493 3780 610 3826 personne

493 3832 519 3877 ni
532 3829 590 3876 chel
599 3832 746 3893 hisguerro

494 3897 518 3943 ni
534 3897 843 3959 tenentis-premier-rnng
858 3898 873 3943 h
891 3895 1031 3952 l’inteueur.

494 3963 588 4010 n'nvoir
597 3978 629 4025 pu
642 3963 702 4010 scire
