2364 4634
365 711 418 756 nes
438 711 568 769 nerone,
589 713 673 757 tivne
693 714 713 757 ι.

59 830 156 878 audeat
174 830 260 879 dicere

59 913 86 944 se
103 896 306 960 philosophum?

456 834 546 880 osernit
554 832 606 880 dire

457 899 584 945 lui-meme
597 898 757 962 philosophe?

60 964 111 1011 Sed
135 964 271 1011 nonnulla
295 965 354 1012 disci
371 964 431 1011 linas
456 965 518 1012 linis
527 968 642 1028 qiieiques
656 966 776 1015 doctrines
786 967 896 1015 existent.

57 1045 129 1089 ouae.
351 980 428 1093 fiunt,

57 1096 158 1143 finibus
174 1096 297 1145 malorum

57 1172 84 1210 et
99 1162 230 1210 bonorum

56 1229 215 1291 propositis,

56 1306 214 1358 pervertunt
225 1310 297 1343 omne
308 1294 427 1343 officium.

56 1361 128 1409 Nam
146 1363 194 1424 qni
207 1362 314 1410 instituit

57 1443 197 1475 summum
211 1428 301 1475 bonurn

57 1496 100 1541 sio
112 1502 144 1541 ut
156 1493 249 1542 habeat
259 1494 321 1545 nihil

57 1561 232 1621 eonjuuctum
250 1576 306 1609 cum
327 1561 428 1621 virtute,

55 1629 219 1687 metiturque
231 1626 257 1673 id

59 1694 116 1739 suis
129 1693 277 1751 commodis,

58 1774 114 1805 non
128 1758 268 1819 honestate,

58 1824 121 1881 bic,

60 1892 84 1937 ai
98 1893 154 1953 ipae
166 1892 302 1940 consentiat
316 1891 363 1938 sibi

59 1966 88 2004 et
104 1972 160 2004 non
174 1956 288 2005 vincatur
305 1957 428 2005 interdum

62 2024 182 2070 bonitate
191 2034 296 2086 nature,

62 2090 146 2151 possit
157 2090 239 2137 colere

63 2171 148 2218 neque
166 2156 308 2215 amicitiam,

64 2237 112 2269 neo
125 2222 262 2285 justitiam,

65 2302 113 2335 nec
124 2287 307 2336 liberalitatem.

64 2353 193 2401 dedicans
209 2369 264 2401 vero

66 2420 182 2467 dolerem
191 2436 314 2468 summum
325 2419 425 2481 malurn,

67 2492 137 2533 certe
149 2496 228 2547 potest
242 2489 311 2535 nullo
323 2485 396 2534 modo

68 2566 122 2598 esse
132 2550 213 2607 fortis,

69 2626 113 2665 aut
123 2627 271 2681 temporarie,

68 2694 182 2731 statuens
199 2686 344 2749 voluptutem

69 2765 195 2798 summum
209 2752 310 2799 bonnm.

69 2816 142 2877 (2²²2,

69 2897 212 2945 quanquam
229 2892 287 2931 sunt

70 2951 107 2997 isa
117 2950 144 2996 in
156 2958 271 3011 promptu

71 3028 99 3063 ul
110 3030 148 3063 res

69 3098 121 3129 non
132 3087 204 3143 egent
214 3080 384 3145 disputatione,

71 3160 153 3195 tamen
171 3147 296 3210 disputata
313 3155 370 3195 sunt

71 3230 87 3261 a
104 3214 176 3262 nobis

71 3282 123 3327 elio
137 3282 201 3327 loco.

71 3346 117 3394 Ha
127 3346 263 3410 disciplinas
275 3345 362 3410 igitur,

70 3414 91 3460 si
105 3414 183 3461 velint

70 3494 120 3527 esse
132 3486 301 3526 consentaneae
313 3479 369 3535 sibi,

71 3543 247 3608 queantdicere
257 3546 320 3593 nihil

71 3612 102 3661 :le
112 3610 212 3668 offici03

69 3693 150 3741 neque
161 3679 214 3725 ulla
224 3683 342 3742 precepta
355 3677 428 3726 officii

70 3746 152 3801 firma,
166 3745 274 3800 stabilis,

70 3813 205 3873 conjuncta
217 3820 323 3871 naturse,

72 3886 172 3939 meunt
184 3876 258 3934 tradi,

454 1031 589 1093 lesquelles,

455 1097 497 1144 des
509 1097 648 1145 delinitione
659 1097 699 1145 des
711 1114 786 1146 maux

456 1171 479 1211 et
491 1164 533 1211 des
546 1166 614 1211 biens

455 1232 522 1277 etant
534 1233 743 1284 misce-onerent,

455 1296 600 1343 de'neturent
612 1304 664 1344 tout
674 1297 765 1344 devoir.

454 1363 501 1411 Car
513 1364 575 1410 celui
587 1365 627 1425 qui
640 1363 725 1410 nablis

453 1429 477 1476 le
490 1433 617 1476 souverain
628 1430 683 1475 bien

455 1495 627 1542 detdic-sorte
636 1495 695 1557 qu'il
706 1495 768 1543 rs’nit
779 1495 830 1542 rien

455 1561 484 1607 de
497 1562 528 1607 lie
540 1578 598 1609 uveo
610 1563 634 1609 le
647 1572 723 1616 verto,

454 1636 477 1673 et
491 1633 530 1688 qui
539 1644 634 1674 mesure
645 1644 671 1675 ce
682 1632 800 1673 souverain
809 1631 857 1673 birri

454 1709 496 1741 sur
509 1710 547 1741 ses
559 1701 700 1753 avanticos.

454 1768 474 1806 ri
488 1776 535 1807 non
549 1777 591 1806 sur
603 1761 758 1815 l'honndtete,

453 1828 563 1884 celui-ci,
911 1829 996 1884 [memo

455 1894 474 1939 si
499 1893 621 1940 lui-meme
640 1892 657 1939 il
681 1890 929 1939 ituit-d'nooord·sreo
949 1893 983 1939 lui

455 1968 478 2005 et
487 1961 571 2006 n'etnit
583 1974 626 2020 pas
639 1960 726 2006 vvincu
738 1958 888 2020 quelquesois

454 2040 498 2086 par
510 2026 534 2072 la
548 2026 621 2072 bonte
633 2024 662 2071 de
674 2041 715 2072 ron
728 2025 834 2086 namuel,

454 2107 482 2137 rte
497 2093 606 2153 pourrait
617 2092 721 2139 cultiver

454 2157 480 2203 ni
499 2158 609 2214 l'amitie,

455 2224 481 2270 ni
496 2224 521 2270 le
529 2225 625 2283 justice,

453 2289 480 2335 ni
491 2290 515 2336 la
526 2290 669 2352 gerierosite.

456 2355 626 2418 Durine-pert
636 2357 741 2417 jugeant

453 2421 478 2468 ln
489 2422 590 2468 donlenr
606 2427 651 2469 oro
663 2424 685 2468 le
699 2422 753 2484 plus
764 2419 843 2483 grand
854 2420 912 2477 mel,

453 2490 603 2535 essurement
614 2489 631 2535 il
642 2503 670 2534 ne
682 2498 738 2549 peut
748 2487 867 2535 d'eucuue
876 2487 945 2548 iecon

454 2557 503 2601 utre
512 2555 594 2611 bravo,

455 2636 485 2667 ou
496 2625 541 2667 lire
551 2622 693 2682 temperant,

454 2686 596 2734 eublissant
607 2690 629 2732 ln
641 2687 737 2748 voluptd

454 2758 499 2799 cire
510 2753 531 2799 le
546 2753 672 2799 souverain
685 2753 749 2799 bien.

454 2819 592 2879 lesquelles
603 2818 696 2873 choses,

456 2886 510 2932 bion
522 2885 621 2946 qu'ellcs
638 2889 715 2933 soient

456 2952 579 2997 tellement
591 2966 619 2997 on
632 2952 744 2999 evidence
760 2950 790 3010 (si
803 2948 898 3011 cluit-oe)

455 3033 501 3079 qne
513 3027 546 3065 cet
557 3018 623 3077 obJet

456 3084 660 3146 n'nit·pas·besoin
675 3083 746 3131 d'une
758 3083 902 3137 discussion,

455 3150 590 3212 cependnnt
605 3159 647 3197 ont
659 3154 694 3196 dte
706 3150 824 3197 discutc'es

456 3232 500 3279 par
514 3231 575 3263 none

456 3283 516 3329 dans
525 3298 557 3328 un
570 3290 638 3329 alitro
650 3282 753 3329 endroit.

455 3349 499 3396 Ces
511 3349 630 3395 doctrines
644 3348 716 3407 dono,

456 3415 477 3460 si
491 3415 549 3462 ellos
564 3416 686 3462 voulnient

456 3485 505 3528 dtre
516 3480 626 3528 d'uccord
638 3497 695 3528 aveo
712 3480 882 3534 elles-memes,

455 3562 483 3593 nc
494 3550 632 3609 pourrnient
644 3547 695 3594 dire
710 3548 761 3593 rien

456 3614 573 3660 touchant
588 3615 610 3661 le
624 3614 722 3670 dovoir;

456 3690 480 3727 et
492 3695 584 3727 uvicuns
597 3682 716 3743 prdceptcs
729 3678 760 3725 du
774 3678 855 3725 devoir

456 3746 552 3803 formes,
567 3747 663 3801 stebles,

457 3813 511 3859 nnis
530 3814 544 3859 is
556 3812 730 3873 (enharmonio
743 3814 809 3874 nvcc)
821 3813 844 3857 ln
855 3819 948 3871 nature,

459 3894 487 3925 ne
497 3888 601 3941 peuvent
610 3882 659 3925 dire
672 3880 771 3935 donnes,
