2474 4694
235 666 301 735 tlo'
530 696 568 741 uc
589 694 710 742 orrrcns
732 694 815 742 circe
834 691 875 740 ι..

268 813 337 871 illud
347 819 439 870 eutem
448 813 489 870 uic
502 819 546 869 est
555 813 740 888 judicandum,
749 812 882 868 munimen
891 812 947 884 geri
957 820 1036 868 reset
1044 812 1159 867 maximi

233 914 315 970 animi
331 917 366 971 eb
379 916 413 973 lie
429 917 476 989 qui
491 916 683 991 rempublicam
699 923 808 987 regant,
824 914 898 986 quod
918 930 1010 970 earum
1037 913 1159 969 adnnini-

232 1018 327 1074 stratio
339 1018 467 1074 latissime
479 1026 571 1090 pateat
584 1017 618 1075 au*
630 1018 813 1090 plurimosque
828 1017 978 1089 pertineam
992 1032 1052 1073 esee
1066 1024 1158 1071 antem

233 1117 323 1191 magni
335 1119 420 1175 enimi
441 1127 469 1176 et
483 1118 566 1177 luisse
584 1118 685 1175 multos
698 1118 781 1175 etiam
802 1118 831 1174 iu
848 1119 903 1175 vita
924 1119 1028 1185 otiosa,
1044 1116 1090 1188 qui
1109 1124 1160 1173 ant

233 1217 428 1291 investigarent
436 1226 485 1276 aut
494 1227 656 1276 conarentur
667 1235 763 1290 magna
773 1220 910 1290 quaedam,
921 1233 1036 1290 seseque
1046 1232 1158 1271 suarum

232 1331 323 1372 reram
337 1316 436 1373 finibus
456 1320 639 1385 continerent,
656 1325 704 1374 unt
716 1359 723 1385 ,
736 1314 869 1388 interjecti
892 1315 963 1372 inter
983 1314 1159 1387 philosophos

232 1424 260 1473 et
273 1433 321 1474 eoo
335 1419 382 1491 qui
398 1419 592 1494 rempublicam
605 1419 838 1500 adminictrareut,
849 1415 1052 1472 delectarentur
1062 1431 1092 1470 re
1108 1431 1157 1469 uua

233 1517 368 1589 familiari,
384 1537 438 1577 uon
452 1537 513 1576 eam
528 1519 638 1593 quidem
651 1519 725 1576 omni
738 1519 841 1575 ratione
851 1526 1052 1590 exaggerantes,
1069 1534 1158 1589 nequo

232 1621 409 1678 excludentes
419 1622 455 1678 ab
468 1623 525 1693 ejus
540 1637 590 1675 usu
601 1635 674 1685 suos,
689 1621 835 1693 potiusque
847 1627 875 1676 et
888 1619 983 1675 amicis
995 1618 1158 1691 impertien-

232 1729 317 1779 leuet
337 1722 507 1796 reipublicae,
521 1721 545 1777 ei
564 1721 674 1793 quando
691 1736 757 1776 usus
771 1728 854 1776 esset.
868 1720 936 1788 Quae
952 1721 1067 1791 primum
1088 1719 1158 1774 bene

232 1825 367 1899 portauit,
384 1825 457 1880 nullo
471 1839 559 1896 neque
571 1823 644 1896 turpi
655 1829 764 1895 quaeetu
779 1838 866 1895 neque
875 1822 984 1890 odioso,
998 1829 1054 1877 tum
1064 1837 1159 1893 quum-

232 1925 364 1999 plurimie,
377 1925 457 1982 modo
470 1924 571 1997 dignis,
585 1942 625 1982 se-
635 1924 728 1979 utilem
748 1924 886 1996 praebeat;
906 1922 1005 1979 deiude
1025 1930 1157 1994 augeatur

232 2144 315 2202 quem
324 2127 479 2185 liberalitati
490 2137 518 2185 et
531 2126 717 2185 beneficentiae
730 2135 831 2200 puteat.
846 2128 911 2184 llaec
925 2127 1085 2200 praescripta
1097 2142 1157 2182 ser-

266 2365 499 2431 Iagouueruement
510 2362 551 2412 deu
562 2345 633 2413 Ilua·
651 2369 688 2412 eet
706 2376 763 2411 oeno
775 2362 847 2411 doute
866 2360 948 2425 coqui
967 2361 1046 2410 donne
1063 2362 1114 2411 lieu
1128 2363 1157 2412 de

233 2461 293 2510 l'aire
303 2461 338 2509 leo
349 2459 405 2524 pluo
415 2455 522 2522 gaudee
532 2456 617 2506 eboreo
626 2465 650 2505 ot
659 2471 686 2504 ce
696 2457 737 2519 qui
751 2457 824 2520 exige
835 2457 859 2505 le
868 2455 922 2520 plue
932 2456 961 2504 de
969 2457 1034 2506 t'oroe
1044 2455 1133 2517 d'bmc,
1143 2461 1158 2506 b

232 2570 305 2604 cauco
315 2553 345 2602 de
360 2551 479 2601 l’etendue
495 2553 573 2599 meme
586 2550 615 2598 ale
633 2558 693 2598 cette
707 2549 903 2598 administration
915 2550 957 2612 qui
970 2552 1092 2601 embresoo
1104 2560 1159 2600 tant

233 2645 370 2703 d'inttirttar
388 2644 450 2691 mnis
465 2659 497 2692 ou
513 2657 544 2691 ne
558 2649 616 2705 peut
636 2642 689 2689 niet·
707 2640 767 2704 qu’il
786 2641 828 2706 n'y
842 2643 878 2690 uit
898 2642 964 2690 aucei
983 2643 1107 2706 beaucoup
1128 2643 1158 2691 de

233 2735 356 2801 grendona
370 2735 448 2783 d'eme
459 2734 517 2783 cbez
529 2749 589 2782 ceux
602 2734 643 2796 qai
656 2734 750 2783 detaut
763 2743 848 2798 tempe,
862 2744 886 2783 et
896 2735 925 2784 de
935 2751 978 2784 nos
988 2736 1057 2799 jonre
1069 2738 1156 2795 meme,

233 2845 258 2879 oe
269 2836 323 2877 oont
342 2829 474 2878 consecrate
487 2828 547 2876 deuo
564 2843 598 2875 au
617 2828 709 2875 certain
721 2826 807 2885 aeccle,
820 2835 897 2876 etant
909 2828 959 2891 prio
975 2828 998 2876 lo
1012 2829 1075 2891 perti
1092 2828 1121 2878 dc
1134 2830 1159 2877 la

122 2968 128 2976 ,
234 2922 332 2971 retraite
343 2935 404 2984 pour
415 2935 442 2969 ee
453 2920 527 2968 litter
537 2919 554 2968 b
565 2918 607 2965 deu
617 2917 700 2966 etudee
718 2917 815 2976 arluco,
828 2921 843 2966 b
854 2918 895 2967 deo
910 2918 1051 2968 rechercher
1063 2920 1158 2984 impor-

233 3020 321 3062 tuntea.
334 3011 355 3061 Il
367 3026 397 3061 en
408 3019 445 3059 est
455 3010 561 3058 d'autrcu
577 3010 627 3073 qul,
647 3017 731 3060 tenuat
743 3011 766 3059 le
780 3009 864 3060 millen
876 3019 943 3061 entre
955 3013 989 3061 loe
1003 3013 1158 3077 philoropbeo

233 3104 411 3155 etleehommee
420 3089 511 3164 d'llcm,
520 3104 666 3153 troureutlu
675 3103 782 3153 douoeur
789 3103 818 3152 de
829 3104 882 3153 leur
892 3105 929 3153 vie
939 3104 1000 3153 dans
1009 3105 1035 3154 lu
1043 3106 1158 3156 oonduite

234 3197 264 3248 de
274 3201 340 3249 leuto
354 3197 460 3256 aboites,
472 3213 523 3246 nou
532 3213 594 3262 pour
604 3206 746 3261 augmentet
757 3198 811 3246 leur
821 3199 877 3247 bien
889 3214 933 3262 par
943 3208 998 3248 tono
1010 3200 1045 3247 len
1057 3214 1159 3264 moycuu

234 3298 258 3340 et
268 3306 298 3339 eu
309 3289 377 3353 jouir
389 3306 445 3339 reno
466 3299 575 3355 pertago,
588 3293 651 3338 maie
662 3306 694 3339 eu
711 3291 833 3339 contraire
847 3305 908 3354 pour
926 3292 992 3340 cidcr
1007 3292 1073 3342 leurs
1085 3295 1155 3354 nmio,

234 3393 267 3439 ct.
280 3399 313 3432 uu
332 3384 425 3443 beuoin,
442 3384 468 3432 le
488 3384 639 3448 re'publique·
659 3384 712 3444 Quo
732 3392 799 3432 votre
815 3384 913 3433 fortune
928 3387 976 3433 coit
989 3385 1090 3434 cl'ebord
1102 3388 1156 3438 bien

235 3480 500 3542 manutenementum
519 3477 588 3526 trullo
601 3476 866 3535 bonteuxouodieu13
882 3479 969 3540 qu'clle
987 3479 1035 3527 uuit
1051 3479 1110 3526 utile
1127 3495 1157 3526 nu

235 3571 291 3635 plau
303 3570 382 3635 grand
393 3572 493 3619 nombre
504 3570 616 3634 possible,
629 3586 723 3634 pourvu
735 3586 781 3633 qne
792 3584 818 3618 oe
829 3570 907 3618 uolent
921 3570 962 3618 den
974 3586 1033 3634 gene
1046 3569 1075 3618 de
1087 3571 1156 3629 bicn;

236 3664 326 3727 qn'elle
342 3665 491 3730 o'eugmeuto
509 3680 552 3729 pur
572 3663 670 3722 l'ordre,
690 3664 816 3722 l'activite,
839 3664 993 3717 l'e'couomiec
1016 3664 1105 3727 qu'elle
1129 3682 1159 3713 ne

236 3772 304 3808 terre
318 3774 361 3823 pu
373 3774 405 3808 uu
414 3759 472 3809 laxe
483 3761 529 3808 et'e
537 3758 562 3806 lu
576 3757 707 3818 deburrchc,
721 3757 783 3807 meir
796 3759 811 3806 b
822 3756 848 3806 lc
858 3759 980 3808 liberalite
987 3766 1011 3808 ot
1023 3760 1038 3805 e
1049 3759 1075 3806 lc
1086 3758 1157 3806 bion·

236 3860 351 3910 laicanae.
374 3860 422 3910 Per
438 3861 609 3911 l'obuervetion
629 3861 659 3908 ‹le
675 3877 713 3911 cor
731 3861 862 3924 preceptor,
886 3873 917 3906 ou
936 3866 993 3921 peut
1013 3858 1079 3906 vitre
1105 3872 1163 3906 uteo
