2474 4694
377 904 430 949 DRS
451 904 583 960 neverim,
608 904 692 951 tttttt
714 904 732 950 l·
954 903 1010 959 2¹15

90 1027 120 1069 ut
134 1020 205 1085 Lysis

90 1089 266 1153 Pythagoreus

88 1155 232 1203 Thebanum
240 1155 442 1219 Epaminondam,

89 1221 162 1269 Plato

88 1287 192 1335 Dionem
206 1287 371 1351 Syracosium,

88 1354 208 1416 multique
219 1356 309 1403 multos
325 1372 331 1412 ς

87 1435 181 1483 nosque
192 1421 246 1484 ipsi,

87 1487 206 1549 quidquid
220 1487 348 1535 attulimus

87 1551 120 1599 nd
134 1555 306 1614 rempublicam

87 1617 118 1676 (ei
130 1617 204 1666 modo

87 1685 215 1733 attulimus
231 1685 341 1749 aliquid),

86 1754 231 1799 aeoessimns
242 1752 273 1799 ad
283 1767 334 1798 enm

86 1817 199 1864 instructi
211 1825 236 1866 et
248 1818 326 1866 ornati

86 1897 102 1928 n
115 1882 252 1931 doctoribus

85 1955 158 2010 atque
172 1964 187 1996 ι
198 1948 317 1998 doctrine.

84 2013 169 2077 Neque
181 2015 260 2064 solum

86 2079 135 2127 vivi
146 2090 217 2143 atque
228 2090 357 2145 presentes

84 2146 201 2194 erudiunt
212 2156 283 2210 atque
299 2147 385 2196 donent

84 2211 205 2260 studiosos
224 2214 346 2269 discendit

84 2277 126 2324 sed
138 2290 301 2342 assequuntur
318 2281 363 2328 hoo
379 2279 438 2326 idern

83 2344 155 2390 etiam
169 2354 332 2407 postmortem

83 2413 247 2459 monumentis
262 2413 406 2460 litterarum.

82 2475 133 2523 Neo
142 2477 206 2525 enim
218 2479 284 2526 nllus
296 2480 362 2525 locus

82 2544 258 2604 praetermissus
268 2553 303 2591 est
312 2546 343 2590 ab
357 2546 397 2605 iis,

81 2609 124 2670 qui
140 2609 268 2670 pertineret
278 2610 309 2658 nd
319 2612 394 2675 leges,

81 2675 123 2735 qni
134 2673 165 2721 nd
177 2690 264 2731 mores,

81 2741 124 2801 qui
137 2738 169 2787 ad
180 2740 333 2805 disoiplinem

81 2806 222 2868 reipublicae
236 2823 242 2855 ι

81 2880 110 2918 ut
124 2871 252 2921 videantur

80 2938 210 2986 contulisse
221 2955 292 2986 suum
304 2942 380 2989 otium

79 3002 113 3050 sd
124 3015 233 3052 nostrum
248 3008 382 3069 negotium.

112 3069 150 3117 lta
159 3069 196 3118 illi
211 3073 257 3133 ipsi

80 3134 155 3183 dediti
166 3136 253 3185 studiis
263 3137 378 3188 doctrinas

78 3210 104 3247 et
120 3203 252 3265 snpientiae,

79 3268 208 3316 conferunt
219 3270 370 3331 potissimum

79 3348 149 3380 sunm
162 3335 349 3398 intelligentiam

78 3400 281 3463 prudentiamque

78 3465 110 3511 nd
122 3466 252 3515 utilitatem
265 3466 401 3517 hominum.

78 3530 117 3579 Ob
127 3546 227 3594 eamque
237 3548 335 3582 sennam

76 3605 114 3645 est
125 3599 212 3645 melius

76 3664 157 3726 eloqui
172 3665 277 3726 copioso,

75 3736 149 3777 morlo
160 3730 296 3793 prudenter,

76 3811 148 3857 quam
163 3798 272 3857 cogitare

75 3864 114 3910 vel
126 3864 264 3910 sacritissima

75 3929 128 3976 sine
140 3929 277 3992 eloquentia
289 3946 296 3977 s

74 3994 139 4057 quod
151 3996 267 4058 cogitatio

75 4061 178 4109 vertitur
190 4062 243 4125 ipsa
256 4061 282 4110 in
294 4075 333 4114 set

472 1038 564 1070 commo
576 1023 646 1085 Lysis

472 1090 494 1137 le
505 1089 693 1151 Pythagorieieu

470 1172 485 1202 a
494 1161 587 1203 trustrait
599 1157 621 1202 le
633 1155 742 1203 Thebain
755 1154 945 1218 Epaminonda,

472 1223 557 1270 Platon
570 1238 584 1267 a
597 1226 689 1269 instruit

470 1287 533 1336 Dion
545 1288 713 1350 ‹le-Syracuse.

470 1361 493 1401 et
507 1355 629 1416 beaucoup
638 1363 678 1402 ont
687 1356 779 1401 instruit
791 1352 916 1417 beaucoup
929 1371 936 1412 ς

469 1428 493 1468 et
504 1424 676 1477 nous-memes,

470 1494 523 1534 tout
533 1501 559 1534 ee
571 1502 616 1549 que
628 1502 690 1535 noua
701 1501 776 1535 nunna
787 1486 885 1549 apporta

469 1554 484 1599 a
496 1553 520 1600 la
531 1552 671 1616 re'publique

468 1620 500 1677 (si
511 1617 625 1668 toutefois

468 1700 529 1732 nous
541 1700 615 1733 avons
626 1686 724 1747 apporto
738 1685 840 1748 quelque
853 1683 942 1746 chose),

467 1765 529 1799 nous
540 1766 602 1799 nous
615 1766 718 1799 somnies
731 1750 921 1816 approohesvers
930 1750 978 1799 elle

468 1818 549 1865 munis
562 1825 586 1865 et
601 1819 698 1881 equipee

468 1899 510 1944 per
522 1898 563 1930 aot
573 1888 672 1932 maltres

467 1957 491 1995 et
502 1964 545 2012 per
559 1951 583 1996 lo
594 1952 695 1998 seleuce.

468 2013 498 2061 Et
509 2017 703 2063 non·seulement

467 2081 562 2129 vivente
572 2088 595 2128 et
607 2085 713 2144 pre'eeuts

468 2147 498 2192 ils
509 2148 651 2195 instruisent
666 2155 690 2196 et
701 2147 845 2212 enseignent

469 2212 501 2259 los
512 2215 608 2259 hommes
619 2215 731 2262 de'sireux
743 2212 916 2277 d’npprendre,

468 2280 528 2325 mais
540 2279 570 2326 ila
583 2281 689 2327 arriveut
702 2281 717 2326 l
733 2280 785 2328 oela
797 2282 875 2327 meme

467 2358 551 2391 encore
565 2348 634 2406 apres
646 2347 670 2393 la
682 2353 747 2392 mort

468 2425 509 2471 par
520 2411 554 2457 les
564 2418 717 2458 monuments
733 2411 773 2458 des
784 2411 874 2458 lettres.

466 2477 498 2523 Et
510 2491 538 2522 en
548 2477 603 2523 effet
614 2492 693 2524 aucun
703 2477 799 2524 endroit
808 2477 895 2540 (point)

466 2543 505 2588 n'n
516 2544 553 2589 ete
564 2544 625 2589 omis
637 2558 680 2605 pur
691 2558 747 2597 eux,

465 2609 505 2668 qui
518 2611 667 2670 ent-rapport
676 2624 725 2655 nux
736 2609 791 2665 lois,

465 2675 506 2734 qui
520 2681 555 2720 ertt
568 2683 660 2734 rapport
676 2689 725 2722 nux
740 2688 839 2730 rutente,

465 2739 507 2800 qui
522 2747 558 2788 ttlt
572 2750 666 2800 rapport
681 2756 713 2787 nu
727 2743 831 2802 systema

465 2805 493 2851 de
511 2805 536 2852 la
553 2807 713 2869 republiquez

465 2871 653 2934 tle-sorte-qu'ils
665 2870 798 2935 paruissent

464 2938 532 2986 avoir
547 2940 658 3001 spplique
670 2939 803 3000 (consenui)
814 2937 868 2987 lenr
878 2938 947 2987 loiair

464 3006 479 3051 a
496 3019 540 3051 nos
551 3005 715 3068 oocupntions.

496 3071 564 3119 Ainsi
577 3086 615 3119 ees
623 3073 719 3118 hommes
728 3072 817 3118 memes

463 3135 568 3185 adornes
577 3153 625 3185 nux
637 3137 720 3185 studes
728 3137 757 3185 de
765 3138 791 3185 la
801 3136 893 3185 selenos

462 3212 486 3250 et
499 3203 526 3251 de
536 3204 560 3251 la
571 3219 672 3267 sagense.

462 3269 794 3399 ltl³lltltt¹tt⁶s⁶‘⁶⁰⁰’

461 3411 485 3448 et
494 3400 543 3449 leur
554 3402 675 3463 prudenee

461 3469 476 3512 t
486 3468 583 3515 l'utilite'
594 3466 634 3514 des
642 3466 758 3515 hommes.

461 3533 492 3580 Et
503 3549 563 3595 pour
573 3542 633 3581 cette
643 3548 716 3581 oense

459 3598 479 3647 il
495 3608 532 3646 est
544 3600 654 3647 meilleur

461 3663 490 3710 do
507 3665 648 3728 a'exprimer
659 3662 875 3720 nvaoebondanea‚

460 3746 609 3794 pontumque
619 3747 643 3778 ca
654 3736 697 3780 soit
708 3729 907 3794 aveo-prudenee,

460 3811 506 3858 que
518 3797 547 3845 de
558 3812 642 3860 pensor

459 3866 537 3910 meme
552 3862 953 3927 dune-mnuiero-trespenetrants

459 3944 515 3976 snus
529 3929 658 3992 eloquence
674 3948 680 3977 ι

460 4010 529 4059 puroe
539 4010 584 4057 qus
594 3997 618 4042 ln
630 3997 714 4057 psnrle

460 4061 528 4110 roule
537 4061 674 4111 elle-memo
685 4075 714 4111 en
733 4060 886 4122 elle-mernor
