2364 4634
403 797 458 842 MS
477 796 609 859 osterse,
633 798 719 843 Lim
740 799 761 843 l.

136 911 276 975 optutum
290 928 386 977 semper

134 980 181 1040 qud
193 981 305 1035 usseris.

132 1062 168 1093 non
182 1047 238 1108 quid
251 1046 354 1095 dixeris.

129 1113 264 1175 Exemplum
286 1125 368 1161 sutem

128 1179 253 1228 nsxitnum

126 1246 219 1308 justitie
232 1248 259 1293 in
272 1245 367 1293 hostem

125 1314 277 1360 constitutum
292 1323 330 1359 est

124 1379 234 1426 snostris
246 1378 393 1440 majoribus.

124 1445 198 1504 Quum
211 1445 319 1508 perfuga

124 1527 135 1558 t
150 1511 245 1573 Pyrrho

123 1579 244 1640 pollicitus
263 1584 300 1624 est
318 1578 413 1625 senatui

123 1645 272 1692 sedatorum
286 1659 406 1692 venenum

124 1711 181 1774 regi¹

122 1790 143 1824 ct
152 1785 296 1824 necaturum
312 1792 377 1827 enm.

122 1855 217 1890 senstus
227 1851 253 1890 et
262 1843 292 1891 C.
304 1843 430 1891 Fabricius

123 1910 184 1957 dedit
195 1911 325 1972 perfugium
343 1908 448 1971 Pyrrho.

122 1975 156 2024 lts
166 1976 313 2039 approbavit

123 2043 247 2089 interitum
259 2058 314 2089 curn
329 2042 418 2090 scelere

123 2124 150 2155 ne
163 2109 242 2157 bostis
252 2109 360 2171 quidem,

124 2185 144 2221 et
156 2178 272 2237 potentis.

123 2253 145 2288 et
154 2242 283 2292 inferentis
293 2241 385 2289 bellum

125 2309 198 2356 ultro.

124 2378 158 2422 Ac
169 2377 262 2422 dictum
274 2381 311 2421 est
328 2370 386 2420 sotis

124 2440 150 2487 de
161 2442 246 2488 ciliciis
261 2439 358 2500 quidem
375 2435 477 2484 bellicis.

155 2507 338 2554 Meminerimus
349 2512 429 2552 sutem

122 2573 241 2634 justitium
256 2571 399 2619 servendum
411 2585 463 2618 esse

124 2641 193 2686 etism
208 2640 325 2686 adversus
338 2638 443 2686 infimos.

125 2706 235 2753 Conditio
250 2713 331 2752 sutem

125 2785 145 2818 et
157 2774 256 2820 lortunu
271 2787 394 2820 servorum

125 2848 158 2886 est
169 2838 256 2885 infims
271 2857 277 2884 :

125 2907 212 2966 quibus

125 2976 163 3033 qni
174 2971 265 3034 jubent
274 2971 309 3018 uti

125 3040 159 3085 ita
169 3049 198 3085 ut
211 3036 366 3085 mercenariis

125 3120 172 3151 non
186 3104 330 3167 precipiunt
340 3103 415 3160 mele3

125 3186 222 3231 operam
236 3169 393 3233 erigendum.

123 3236 191 3297 justa
204 3236 343 3299 prebende.

126 3303 207 3362 Quum
226 3302 409 3364 sutetninjnris

126 3370 168 3415 fint
178 3369 272 3416 duobus
285 3369 373 3425 modis,

127 3436 151 3482 id
164 3447 210 3490 est.
225 3445 268 3483 snt
283 3435 316 3494 vi,

126 3511 168 3548 sut
179 3501 272 3564 fraude,

127 3569 194 3615 fraus
203 3568 299 3615 ridetur

127 3652 140 3695 q
144 3637 195 3682 ussi
206 3635 350 3697 vulpeculoe,

128 3705 164 3748 vis
180 3702 266 3748 leonis.

127 3768 265 3829 Utrumque

128 3836 305 3882 slicnissimutn
320 3833 351 3880 sb
369 3831 482 3884 homines

128 3901 168 3948 scd
181 3902 249 3948 fraus

130 3967 204 4030 digus
213 3967 270 4016 odio
283 3964 384 4028 majore.

505 912 524 961 il
535 913 589 960 sarit
600 913 712 962 reflecbir
724 914 835 978 toujours

505 981 585 1042 quelle
597 980 669 1028 chose
681 991 708 1028 tn
718 997 745 1028 os
755 982 848 1044 pentec.

505 1048 647 1108 nouquells
662 1047 734 1095 chose
746 1057 772 1095 tu
786 1062 812 1094 ss
822 1046 880 1095 dits.

505 1113 541 1162 Or
552 1129 584 1160 un
602 1115 712 1176 exemplo

505 1179 645 1241 tres-prend

506 1246 535 1293 de
548 1245 638 1307 justice
651 1261 735 1293 envers
750 1246 865 1295 l’cnnetni

505 1312 567 1359 site
578 1312 651 1359 etsbli
663 1312 764 1375 (donne)

504 1394 548 1440 pur
561 1394 605 1426 nos
619 1381 739 1426 streetres.

506 1443 641 1506 Lorsqu'un
653 1444 780 1504 transiture

504 1526 561 1557 oeno
575 1510 605 1558 do
619 1511 677 1557 citez
689 1511 801 1572 Pyrrhus

505 1578 596 1639 promit
608 1593 638 1623 eu
652 1579 721 1625 se'nnt

506 1643 634 1690 lui-meme
646 1644 729 1691 devoir
740 1643 833 1692 donner
845 1643 876 1691 du
889 1642 973 1706 poison

505 1724 537 1756 su
553 1725 600 1760 rot.

506 1787 529 1821 et
541 1775 624 1822 devoir
637 1776 775 1837 inire-perir
789 1776 825 1824 lui

505 1842 528 1888 lc
537 1844 606 1889 senat
614 1851 638 1900 ct
651 1842 678 1892 C.
690 1841 817 1891 Fabricius

505 1908 620 1956 livrercnt
634 1909 655 1956 lc
665 1910 790 1972 transiuge
804 1907 947 1973 ¹sPyrrbus.

506 1975 576 2022 Ainsi
591 1975 608 2021 il
622 1976 771 2038 n'upprouvs

505 2041 530 2086 ln
541 2053 605 2088 mort
616 2057 673 2087 aveo
688 2045 764 2089 crime

506 2122 547 2169 pns
565 2111 642 2155 meme
653 2108 711 2156 d'un
724 2109 828 2166 ennensi,

506 2185 529 2220 et
541 2172 599 2221 d'un
612 2180 701 2221 enormi
713 2177 832 2237 puisssnt,

507 2252 530 2288 et
543 2251 672 2303 spportnnt
687 2243 711 2289 is
728 2256 817 2305 guerre

506 2310 700 2368 spontanement.

508 2372 539 2420 Et
549 2373 567 2420 il
579 2376 640 2422 site
653 2374 690 2421 dit
701 2389 768 2423 usses

507 2438 540 2486 du
551 2441 632 2488 moins
645 2455 687 2488 sur
699 2441 733 2488 les
749 2441 842 2489 devoirs
854 2439 1029 2504 dele-guerre.

539 2505 602 2553 Meis
616 2522 827 2556 souvenons-nous

507 2572 531 2619 is
539 2571 629 2634 justice
640 2573 724 2621 devoir
733 2576 783 2622 erre
795 2574 906 2622 observes

507 2640 585 2687 rueme
596 2641 709 2687 visionis
719 2641 753 2688 les
764 2642 820 2705 plus
831 2639 954 2688 humbles.

506 2704 540 2755 0r
552 2706 577 2753 le
586 2706 711 2755 condition

506 2781 531 2820 ct
554 2772 579 2819 ls
595 2773 693 2821 fortune
712 2773 754 2821 des
771 2773 878 2821 sociares

508 2847 545 2886 est
557 2839 581 2886 lu
593 2840 648 2900 plus
662 2839 779 2888 humble:

509 2905 620 2966 desquels
633 2911 727 2954 seclusos

507 2986 569 3018 ceux
584 2972 626 3033 qui
637 2973 772 3021 ordonnent
783 2972 812 3020 de
823 2987 848 3020 se
858 2971 935 3020 serris

509 3038 571 3084 sinsi
588 3054 635 3099 que
650 3039 678 3086 do
695 3040 854 3087 mercensires

509 3119 539 3151 nc
552 3105 698 3166 presentent
716 3122 757 3168 pas
770 3106 833 3156 mul:

509 3171 585 3217 duam
598 3171 621 3218 le
635 3175 721 3219 trevsil
732 3173 815 3219 devoir
825 3175 876 3220 etre
887 3171 966 3233 exigi,

509 3236 545 3283 les
557 3238 641 3285 choses
647 3238 725 3300 justos
734 3238 900 3300 (necesssires)
912 3237 994 3284 devoir
1002 3239 1053 3285 etro

510 3303 572 3350 Meis
584 3319 677 3352 comme
694 3306 825 3367 l’injusticc
924 3303 1052 3371 [somnies.

511 3384 535 3415 se
548 3370 595 3417 seit
605 3371 634 3417 de
647 3370 710 3418 doux
721 3372 848 3427 muniere,

511 3436 563 3483 cels
574 3445 610 3484 est
622 3437 794 3499 (c'estis-dire),
806 3454 837 3485 ou
847 3436 922 3500 perls
934 3439 1051 3502 violence,

512 3517 543 3549 ou
557 3518 600 3563 per
609 3504 634 3550 le
646 3503 740 3561 lruude.

512 3576 537 3615 lu
549 3568 635 3616 srsude
646 3575 723 3631 psrelt
732 3577 777 3618 stre

512 3650 605 3682 comme
617 3637 736 3695 l'inp'ustr're
749 3636 781 3682 du
795 3636 893 3691 rensrd.

513 3701 538 3747 lu
548 3703 655 3749 violence
667 3719 749 3750 conrme
760 3707 814 3751 eriis
830 3703 862 3750 du
873 3704 934 3751 lion.

513 3767 808 3817 L’unectl’sutrechose
909 3769 1051 3836 [l’botnme;

513 3843 543 3881 ert
568 3837 754 3897 tres-strangens
778 3837 793 3883 it
816 3835 990 3899 (trus-indigns
1009 3839 1047 3900 de)

514 3902 574 3947 mois
586 3903 611 3947 ln
622 3901 707 3949 fraude

512 3975 545 4014 ert
555 3967 628 4030 digno
639 3968 711 4016 d'une
722 3967 794 4016 haine
806 3967 859 4033 plus
870 3967 972 4033 gtsnds.
