2474 4694
191 750 249 821 tos
480 768 517 813 ns
538 767 655 817 osricus
675 768 759 817 arnan
779 770 824 815 nr.

191 879 304 951 reliquis
314 879 436 951 partibus
446 882 574 954 eorporis,
591 881 631 937 sio
647 882 698 937 isla
712 881 740 936 in
754 880 839 955 ligure
853 881 969 939 hominis
982 882 1074 939 lenitas
1087 894 1112 941 et

111 1032 115 1043 ,
192 981 347 1038 immanitas
364 982 490 1039 belluna
507 983 644 1039 communi
659 990 790 1055 tanquam
808 982 976 1040 humanitate
992 989 1111 1058 corporis

192 1082 357 1154 segregando
373 1091 423 1139 est.
440 1085 526 1156 llujus
537 1085 643 1157 generis
657 1093 723 1141 sunt
734 1085 901 1157 quaestiones
914 1102 1009 1143 omnes
1021 1104 1071 1156 em,
1086 1088 1110 1142 in

192 1184 291 1255 quibus
303 1200 336 1239 ex
348 1191 467 1257 tempore
482 1185 598 1242 officium
609 1187 769 1258 exquiritur.

228 1286 283 1341 Vll.
313 1287 449 1357 Ejusmodi
471 1288 551 1359 igilur
568 1289 649 1345 credo
669 1306 715 1345 res
738 1290 888 1346 Penoetium
909 1300 1112 1363 persecuturum

192 1387 285 1457 luisse,
300 1390 352 1446 nisi
368 1392 468 1464 aliquis
481 1408 559 1448 casus
576 1398 625 1447 aut
637 1393 779 1465 occupatio
797 1392 941 1448 consilium
960 1394 1019 1465 ejus
1034 1409 1112 1463 pere·

193 1492 296 1547 misset.
312 1492 352 1549 lid
367 1507 436 1564 quas
456 1494 530 1564 ipsas
549 1493 760 1549 consultationes
778 1493 1016 1566 exsuperioribus
1037 1494 1113 1550 libris

193 1592 260 1648 sutis
278 1593 362 1650 multa
381 1602 515 1668 praeceptn
529 1606 602 1665 sunt,
624 1594 724 1667 quibus
744 1595 859 1668 perspici
881 1595 967 1667 possit
985 1595 1052 1667 quid
1079 1596 1114 1649 sit

193 1703 301 1766 proptor
321 1695 514 1767 turpitudinem
542 1695 714 1764 fugiendum
742 1696 808 1766 quid
827 1696 863 1750 sil
879 1695 906 1750 id
921 1696 993 1767 quod
1014 1696 1114 1750 idcirco

193 1794 348 1865 lugiendum
361 1811 414 1850 non
427 1795 470 1863 sit,
481 1795 546 1867 quia
559 1796 669 1850 omnino
682 1807 762 1869 turpe
775 1812 828 1851 non
841 1803 892 1852 est.
906 1796 968 1863 Sed,
984 1797 1112 1866 quoniam

192 1895 267 1968 operi
281 1895 408 1951 inchoato
423 1903 450 1951 et
462 1911 545 1969 prope
559 1897 615 1967 jam
627 1897 750 1954 absoluto
764 1905 893 1970 tanquam
907 1897 1044 1969 fastigium
1060 1900 1112 1952 iru-

193 1998 328 2069 ponimus,
343 2003 373 2050 ut
384 1997 545 2067 geometres¹
562 1996 650 2053 solent
664 2014 717 2053 non
731 1999 821 2054 omnia
834 2000 942 2069 docere,
957 1999 1002 2054 sed
1016 2009 1113 2072 postu-

193 2097 248 2153 lare
263 2104 292 2152 ut
312 2095 436 2168 quasdam
452 2096 504 2152 sibi
525 2096 718 2165 concedentur,
746 2114 800 2170 quo
819 2100 926 2155 facilius
946 2115 1007 2172 ques
1029 2100 1113 2154 uelint

193 2197 334 2269 explicent,
352 2198 392 2253 sio
402 2212 452 2268 ego
465 2212 482 2252 s
500 2203 527 2252 te
541 2197 657 2268 postulo,
672 2199 709 2253 nri
722 2200 824 2265 Cicero,
840 2199 950 2255 etmihi
966 2201 1110 2267 concedas,

192 2470 253 2536 qn'il
263 2487 293 2519 ne
304 2485 429 2532 corrompe
441 2485 484 2533 pes
495 2470 530 2518 les
546 2480 626 2518 autres
638 2470 735 2532 parties,
751 2468 812 2516 einsi
828 2469 845 2515 il
860 2468 912 2515 iant
922 2468 1062 2516 retranolrer
1081 2459 1128 2516 du'

120 2614 123 2621 r
192 2585 261 2633 corps
283 2567 313 2617 ds
333 2568 359 2617 la
380 2567 467 2615 sooiltd
485 2582 524 2615 ees
542 2576 662 2615 monstres
683 2567 733 2627 qni,
755 2580 811 2613 sous
833 2564 971 2628 nnefigure
988 2565 1111 2622 humalde,

192 2665 295 2714 eschent
310 2665 335 2713 le
346 2679 405 2727 rege
416 2672 441 2712 et
454 2663 480 2711 la
491 2663 590 2711 ieroeitd
601 2662 642 2711 des
655 2663 720 2710 beses
733 2663 768 2709 les
788 2663 844 2725 plus
855 2661 965 2710 oruelles.
980 2661 1070 2711 Toutes
1080 2663 1113 2709 les

192 2770 273 2810 autres
290 2760 413 2824 questions
433 2758 493 2806 dans
513 2759 638 2821 lesquelles
657 2759 692 2807 les
706 2757 801 2806 devoirs
816 2757 950 2821 dependent
972 2758 1014 2807 des
1021 2759 1101 2808 eiroon

193 2871 286 2908 stnnees
296 2868 351 2907 sont
361 2861 376 2906 ‘s
386 2873 432 2921 peu
442 2856 497 2920 pres
508 2856 661 2905 semblables.

225 2957 281 3006 Vll.
300 2957 332 3006 Je
351 2956 414 3004 crois
430 2970 477 3017 que
498 2954 612 3003 Pendtius
634 2970 664 3002 en
684 2955 764 3002 nurait
785 2955 861 3017 parld,
880 2955 900 3002 si
922 2953 1025 3016 quelque
1045 2963 1113 3002 autre

193 3053 345 3116 occupatiore,
363 3067 394 3099 ou
416 3052 538 3114 peut-stre
555 3049 658 3113 quelque
675 3047 793 3105 accident,
808 3064 838 3096 no
855 3049 939 3096 l’avsit
958 3048 1070 3110 emptehe
1086 3049 1114 3096 de

193 3151 336 3213 poursuivre
345 3162 389 3195 son
400 3145 502 3194 dessein.
515 3145 577 3193 Mais
587 3144 652 3192 enfin
667 3161 697 3192 on
711 3153 833 3200 trouvera¹
847 3143 907 3191 dans
918 3144 952 3191 les
964 3143 1028 3191 deux
1042 3144 1114 3190 liures

193 3244 342 3309 precedente,
357 3243 476 3306 plusieurs
492 3244 613 3304 preceptss
624 3242 666 3303 qui
686 3239 874 3303 permeitentfde
890 3240 1011 3288 discernor
1023 3241 1115 3301 quelles

193 3349 249 3391 sont
260 3344 294 3391 les
303 3342 388 3390 choses
398 3357 444 3403 que
453 3341 503 3389 l'on
513 3339 565 3388 doit
573 3338 648 3387 diriter
657 3353 727 3401 parce
738 3339 837 3402 qu’ellea
845 3339 949 3386 blessent
957 3337 1112 3393 l'honuetete.

194 3450 216 3489 et
226 3440 297 3489 celles
308 3438 408 3487 doulon
420 3440 482 3486 n’est
492 3452 534 3502 pas
543 3436 624 3499 obligo
636 3434 664 3484 ds
674 3437 802 3485 s'abstenir
815 3451 884 3500 perce
895 3434 997 3498 qu'elles
1005 3435 1048 3497 n'y
1060 3444 1114 3483 norst

194 3552 236 3599 pas
246 3536 387 3585 contraires.
399 3534 563 3582 lllaisootnmo
572 3539 641 3580 notre
652 3531 736 3580 edifica
746 3542 781 3580 est
793 3531 908 3594 de'jisbien
921 3532 1019 3588 ansned,
1034 3540 1057 3579 et
1069 3547 1113 3594 que

196 3650 255 3682 uoru
271 3634 372 3682 n'svons
392 3633 447 3696 plus
462 3632 518 3693 qu'i
536 3647 552 3694 y
569 3641 640 3693 poser
656 3632 679 3677 le
694 3630 757 3689 lette,
776 3629 802 3692 je
819 3645 880 3678 veux
898 3629 959 3678 seire
973 3644 1067 3678 nomme
1080 3630 1114 3677 les

195 3730 335 3792 geometres,
351 3728 402 3792 qui,
417 3743 479 3791 pour
488 3728 613 3790 expliquer
625 3727 680 3789 plus
691 3728 807 3774 aisement
823 3742 849 3775 oe
863 3727 935 3789 qn’ils
945 3727 1043 3774 veulent
1055 3727 1114 3775 seire

194 3827 317 3888 entendre,
335 3826 482 3875 demandent
492 3826 566 3890 qn'on
576 3827 630 3874 leur
640 3824 741 3873 necorde
753 3824 867 3887 quelques
879 3825 1006 3889 principes.
1022 3826 1113 3872 Accor-

195 3921 303 3973 ἀοι-ταοὶ
319 3924 389 3984 dorrc,
405 3910 461 3972 mou
475 3923 533 3972 cher
542 3922 651 3983 ciceron,
664 3921 685 3969 si
701 3936 759 3969 vous
776 3921 798 3968 le
811 3935 910 3985 pourea¹
925 3935 972 3985 que
988 3921 1039 3968 rien
1052 3919 1113 3966 n’est
